Segment,Customer_ID,Product_ID,Discount Band,Units Sold,Manufacturing Price,Sale Price,Gross Sales,Discounts,Sales,Sales ('000),COGS,Profit,Profit ('000),Date,Month,Quarter,Year,Customer_Name,Product_Name,Country
Enterprise,CUST_ID_001,PROD_ID_001,None,  345.00 ,  5.00 ,  125.00 ,"  43,125.00 ",0,"  43,125.00 ",  43.13 ,"  41,400.00 ","  1,725.00 ",  1.73 ,9/22/2021,Sep,Q3,2021,James Smith,Montana,USA
Midmarket,CUST_ID_002,PROD_ID_002,None,  549.00 ,  10.00 ,  15.00 ,"  8,235.00 ",0,"  8,235.00 ",  8.24 ,"  5,490.00 ","  2,745.00 ",  2.75 ,1/11/2021,Jan,Q1,2021,Emma Johnson,Paseo,Canada
Small Business,CUST_ID_003,PROD_ID_002,None,  788.00 ,  10.00 ,  300.00 ,"  236,400.00 ",0,"  236,400.00 ",  236.40 ,"  197,000.00 ","  39,400.00 ",  39.40 ,1/27/2022,Jan,Q1,2021,Noah Williams,Paseo,England
Government,CUST_ID_004,PROD_ID_002,None,"  1,725.00 ",  10.00 ,  350.00 ,"  603,750.00 ",0,"  603,750.00 ",  603.75 ,"  448,500.00 ","  155,250.00 ",  155.25 ,8/1/2021,Aug,Q3,2021,Olivia Brown,Paseo,France
Channel Partners,CUST_ID_005,PROD_ID_002,None,  912.00 ,  10.00 ,  12.00 ,"  10,944.00 ",0,"  10,944.00 ",  10.94 ,"  2,736.00 ","  8,208.00 ",  8.21 ,7/8/2022,Jul,Q3,2021,Liam Jones,Paseo,Germany
Midmarket,CUST_ID_006,PROD_ID_002,None,"  2,152.00 ",  10.00 ,  15.00 ,"  32,280.00 ",0,"  32,280.00 ",  32.28 ,"  21,520.00 ","  10,760.00 ",  10.76 ,9/28/2022,Sep,Q3,2021,Ava Davis,Paseo,Italy
Enterprise,CUST_ID_007,PROD_ID_003,None,  345.00 ,  120.00 ,  125.00 ,"  43,125.00 ",0,"  43,125.00 ",  43.13 ,"  41,400.00 ","  1,725.00 ",  1.73 ,9/26/2021,Sep,Q3,2021,Ethan Miller,Velo,India
Government,CUST_ID_008,PROD_ID_004,None,"  1,527.00 ",  250.00 ,  350.00 ,"  534,450.00 ",0,"  534,450.00 ",  534.45 ,"  397,020.00 ","  137,430.00 ",  137.43 ,2/11/2021,Feb,Q1,2021,Isabella Wilson,VTT,Japan
Enterprise,CUST_ID_009,PROD_ID_005,Low,  330.00 ,  3.00 ,  125.00 ,"  41,250.00 ",412.5,"  40,837.50 ",  40.84 ,"  39,600.00 ","  1,237.50 ",  1.24 ,1/12/2022,Jan,Q1,2021,Mason Taylor,Carretera,USA
Channel Partners,CUST_ID_010,PROD_ID_005,Low,  766.00 ,  3.00 ,  12.00 ,"  9,192.00 ",91.92,"  9,100.08 ",  9.10 ,"  2,298.00 ","  6,802.08 ",  6.80 ,4/6/2022,Apr,Q2,2021,Sophia Anderson,Carretera,Canada
Small Business,CUST_ID_011,PROD_ID_005,Low,  494.00 ,  3.00 ,  300.00 ,"  148,200.00 ",1482,"  146,718.00 ",  146.72 ,"  123,500.00 ","  23,218.00 ",  23.22 ,11/19/2021,Nov,Q4,2021,Benjamin Martinez,Carretera,England
Small Business,CUST_ID_012,PROD_ID_001,Low,"  2,498.00 ",  5.00 ,  300.00 ,"  749,400.00 ",7494,"  741,906.00 ",  741.91 ,"  624,500.00 ","  117,406.00 ",  117.41 ,12/20/2021,Dec,Q4,2021,Mia Thomas,Montana,France
Enterprise,CUST_ID_013,PROD_ID_001,Low,  663.00 ,  5.00 ,  125.00 ,"  82,875.00 ",828.75,"  82,046.25 ",  82.05 ,"  79,560.00 ","  2,486.25 ",  2.49 ,2/27/2021,Feb,Q1,2021,Logan Jackson,Montana,Germany
Channel Partners,CUST_ID_014,PROD_ID_002,Low,  766.00 ,  10.00 ,  12.00 ,"  9,192.00 ",91.92,"  9,100.08 ",  9.10 ,"  2,298.00 ","  6,802.08 ",  6.80 ,7/10/2022,Jul,Q3,2021,Charlotte White,Paseo,Italy
Enterprise,CUST_ID_015,PROD_ID_003,Low,  663.00 ,  120.00 ,  125.00 ,"  82,875.00 ",828.75,"  82,046.25 ",  82.05 ,"  79,560.00 ","  2,486.25 ",  2.49 ,3/29/2022,Mar,Q1,2021,Samuel Taylor,Velo,India
Government,CUST_ID_016,PROD_ID_003,Low,"  2,092.00 ",  120.00 ,  7.00 ,"  14,644.00 ",146.44,"  14,497.56 ",  14.50 ,"  10,460.00 ","  4,037.56 ",  4.04 ,10/19/2022,Oct,Q4,2021,Harper Davis,Velo,Japan
Small Business,CUST_ID_017,PROD_ID_004,Low,  494.00 ,  250.00 ,  300.00 ,"  148,200.00 ",1482,"  146,718.00 ",  146.72 ,"  123,500.00 ","  23,218.00 ",  23.22 ,7/31/2022,Jul,Q3,2021,Henry Anderson,VTT,USA
Channel Partners,CUST_ID_018,PROD_ID_006,Low,"  1,989.00 ",  260.00 ,  12.00 ,"  23,868.00 ",238.68,"  23,629.32 ",  23.63 ,"  5,967.00 ","  17,662.32 ",  17.66 ,3/29/2022,Mar,Q1,2021,Amelia Garcia,Amarilla,Canada
Midmarket,CUST_ID_019,PROD_ID_006,Low,  321.00 ,  260.00 ,  15.00 ,"  4,815.00 ",48.15,"  4,766.85 ",  4.77 ,"  3,210.00 ","  1,556.85 ",  1.56 ,7/27/2022,Jul,Q3,2021,Jackson Martinez,Amarilla,England
Small Business,CUST_ID_020,PROD_ID_005,Low,  214.00 ,  3.00 ,  300.00 ,"  64,200.00 ",1284,"  62,916.00 ",  62.92 ,"  53,500.00 ","  9,416.00 ",  9.42 ,8/30/2021,Aug,Q3,2021,Abigail Robinson,Carretera,France
Government,CUST_ID_021,PROD_ID_005,Low,"  2,145.00 ",  3.00 ,  7.00 ,"  15,015.00 ",300.3,"  14,714.70 ",  14.71 ,"  10,725.00 ","  3,989.70 ",  3.99 ,10/15/2021,Oct,Q4,2021,Aiden Lewis,Carretera,Germany
Enterprise,CUST_ID_022,PROD_ID_001,Low,"  1,660.00 ",  5.00 ,  125.00 ,"  207,500.00 ",4150,"  203,350.00 ",  203.35 ,"  199,200.00 ","  4,150.00 ",  4.15 ,10/30/2022,Oct,Q4,2021,Emily Clark,Montana,Italy
Enterprise,CUST_ID_023,PROD_ID_002,Low,  809.00 ,  10.00 ,  125.00 ,"  101,125.00 ",2022.5,"  99,102.50 ",  99.10 ,"  97,080.00 ","  2,022.50 ",  2.02 ,12/10/2021,Dec,Q4,2021,Sebastian Lee,Paseo,India
Enterprise,CUST_ID_024,PROD_ID_002,Low,"  2,145.00 ",  10.00 ,  125.00 ,"  268,125.00 ",5362.5,"  262,762.50 ",  262.76 ,"  257,400.00 ","  5,362.50 ",  5.36 ,5/23/2021,May,Q2,2021,Elizabeth Green,Paseo,Japan
Channel Partners,CUST_ID_025,PROD_ID_002,Low,"  1,785.00 ",  10.00 ,  12.00 ,"  21,420.00 ",428.4,"  20,991.60 ",  20.99 ,"  5,355.00 ","  15,636.60 ",  15.64 ,2/18/2021,Feb,Q1,2021,Alexander Perez,Paseo,USA
Midmarket,CUST_ID_026,PROD_ID_002,Low,"  1,925.00 ",  10.00 ,  15.00 ,"  28,875.00 ",577.5,"  28,297.50 ",  28.30 ,"  19,250.00 ","  9,047.50 ",  9.05 ,1/28/2021,Jan,Q1,2021,Avery Turner,Paseo,Canada
Government,CUST_ID_027,PROD_ID_002,Low,"  2,013.00 ",  10.00 ,  7.00 ,"  14,091.00 ",281.82,"  13,809.18 ",  13.81 ,"  10,065.00 ","  3,744.18 ",  3.74 ,12/21/2022,Dec,Q4,2021,Michael Hill,Paseo,England
Government,CUST_ID_028,PROD_ID_003,Low,"  2,966.00 ",  120.00 ,  350.00 ,"  1,038,100.00 ",20762,"  1,017,338.00 ","  1,017.34 ","  771,160.00 ","  246,178.00 ",  246.18 ,1/13/2022,Jan,Q1,2021,Sofia Phillips,Velo,France
Enterprise,CUST_ID_029,PROD_ID_003,Low,  809.00 ,  120.00 ,  125.00 ,"  101,125.00 ",2022.5,"  99,102.50 ",  99.10 ,"  97,080.00 ","  2,022.50 ",  2.02 ,11/8/2022,Nov,Q4,2021,Elijah Martin,Velo,Germany
Enterprise,CUST_ID_030,PROD_ID_003,Low,"  2,145.00 ",  120.00 ,  125.00 ,"  268,125.00 ",5362.5,"  262,762.50 ",  262.76 ,"  257,400.00 ","  5,362.50 ",  5.36 ,1/19/2021,Jan,Q1,2021,Sophia Turner,Velo,Italy
Government,CUST_ID_031,PROD_ID_003,Low,  544.00 ,  120.00 ,  20.00 ,"  10,880.00 ",217.6,"  10,662.40 ",  10.66 ,"  5,440.00 ","  5,222.40 ",  5.22 ,7/30/2021,Jul,Q3,2021,Benjamin Lee,Velo,India
Small Business,CUST_ID_032,PROD_ID_004,Low,  214.00 ,  250.00 ,  300.00 ,"  64,200.00 ",1284,"  62,916.00 ",  62.92 ,"  53,500.00 ","  9,416.00 ",  9.42 ,2/21/2021,Feb,Q1,2021,Mia White,VTT,Japan
Government,CUST_ID_033,PROD_ID_004,Low,  266.00 ,  250.00 ,  350.00 ,"  93,100.00 ",1862,"  91,238.00 ",  91.24 ,"  69,160.00 ","  22,078.00 ",  22.08 ,1/28/2022,Jan,Q1,2021,Logan Garcia,VTT,USA
Government,CUST_ID_034,PROD_ID_004,Low,"  1,940.00 ",  250.00 ,  350.00 ,"  679,000.00 ",13580,"  665,420.00 ",  665.42 ,"  504,400.00 ","  161,020.00 ",  161.02 ,1/12/2022,Jan,Q1,2021,Charlotte Davis,VTT,Canada
Government,CUST_ID_035,PROD_ID_006,Low,"  2,966.00 ",  260.00 ,  350.00 ,"  1,038,100.00 ",20762,"  1,017,338.00 ","  1,017.34 ","  771,160.00 ","  246,178.00 ",  246.18 ,7/1/2022,Jul,Q3,2021,Samuel Johnson,Amarilla,England
Channel Partners,CUST_ID_036,PROD_ID_005,Low,  908.00 ,  3.00 ,  12.00 ,"  10,896.00 ",326.88,"  10,569.12 ",  10.57 ,"  2,724.00 ","  7,845.12 ",  7.85 ,12/11/2022,Dec,Q4,2021,Harper Anderson,Carretera,France
Government,CUST_ID_037,PROD_ID_001,Low,"  1,797.00 ",  5.00 ,  350.00 ,"  628,950.00 ",18868.5,"  610,081.50 ",  610.08 ,"  467,220.00 ","  142,861.50 ",  142.86 ,5/16/2021,May,Q2,2021,Henry Martinez,Montana,Germany
Midmarket,CUST_ID_038,PROD_ID_002,Low,"  1,945.00 ",  10.00 ,  15.00 ,"  29,175.00 ",875.25,"  28,299.75 ",  28.30 ,"  19,450.00 ","  8,849.75 ",  8.85 ,5/2/2022,May,Q2,2021,Amelia Wilson,Paseo,Italy
Midmarket,CUST_ID_039,PROD_ID_004,Low,"  1,945.00 ",  250.00 ,  15.00 ,"  29,175.00 ",875.25,"  28,299.75 ",  28.30 ,"  19,450.00 ","  8,849.75 ",  8.85 ,4/2/2022,Apr,Q2,2021,Jackson Turner,VTT,India
Government,CUST_ID_040,PROD_ID_002,Low,"  1,760.00 ",  10.00 ,  7.00 ,"  12,320.00 ",369.6,"  11,950.40 ",  11.95 ,"  8,800.00 ","  3,150.40 ",  3.15 ,11/3/2021,Nov,Q4,2021,Abigail Lewis,Paseo,Japan
Midmarket,CUST_ID_002,PROD_ID_002,Low,"  2,261.00 ",  10.00 ,  15.00 ,"  33,915.00 ",1356.6,"  32,558.40 ",  32.56 ,"  22,610.00 ","  9,948.40 ",  9.95 ,4/10/2022,Apr,Q2,2021,Emma Johnson,Paseo,Canada
Government,CUST_ID_041,PROD_ID_003,Low,  736.00 ,  120.00 ,  20.00 ,"  14,720.00 ",588.8,"  14,131.20 ",  14.13 ,"  7,360.00 ","  6,771.20 ",  6.77 ,7/12/2022,Jul,Q3,2021,Aiden Clark,Velo,USA
Government,CUST_ID_042,PROD_ID_005,Low,"  2,851.00 ",  3.00 ,  7.00 ,"  19,957.00 ",798.28,"  19,158.72 ",  19.16 ,"  14,255.00 ","  4,903.72 ",  4.90 ,12/20/2022,Dec,Q4,2021,Emily Garcia,Carretera,Canada
Government,CUST_ID_043,PROD_ID_001,Low,"  2,851.00 ",  5.00 ,  7.00 ,"  19,957.00 ",798.28,"  19,158.72 ",  19.16 ,"  14,255.00 ","  4,903.72 ",  4.90 ,7/14/2021,Jul,Q3,2021,Sebastian Phillips,Montana,England
Midmarket,CUST_ID_026,PROD_ID_002,Low,  671.00 ,  10.00 ,  15.00 ,"  10,065.00 ",402.6,"  9,662.40 ",  9.66 ,"  6,710.00 ","  2,952.40 ",  2.95 ,1/15/2021,Jan,Q1,2021,Avery Turner,Paseo,Canada
Midmarket,CUST_ID_044,PROD_ID_002,Low,"  1,514.00 ",  10.00 ,  15.00 ,"  22,710.00 ",908.4,"  21,801.60 ",  21.80 ,"  15,140.00 ","  6,661.60 ",  6.66 ,3/22/2022,Mar,Q1,2021,Elizabeth Martin,Paseo,France
Government,CUST_ID_016,PROD_ID_003,Low,"  2,646.00 ",  120.00 ,  20.00 ,"  52,920.00 ",2116.8,"  50,803.20 ",  50.80 ,"  26,460.00 ","  24,343.20 ",  24.34 ,6/5/2022,Jun,Q2,2021,Harper Davis,Velo,Japan
Government,CUST_ID_033,PROD_ID_004,Low,  349.00 ,  250.00 ,  350.00 ,"  122,150.00 ",4886,"  117,264.00 ",  117.26 ,"  90,740.00 ","  26,524.00 ",  26.52 ,2/16/2021,Feb,Q1,2021,Logan Garcia,VTT,USA
Midmarket,CUST_ID_045,PROD_ID_004,Low,"  1,514.00 ",  250.00 ,  15.00 ,"  22,710.00 ",908.4,"  21,801.60 ",  21.80 ,"  15,140.00 ","  6,661.60 ",  6.66 ,9/15/2021,Sep,Q3,2021,Alexander Hill,VTT,Germany
Midmarket,CUST_ID_046,PROD_ID_006,Low,  671.00 ,  260.00 ,  15.00 ,"  10,065.00 ",402.6,"  9,662.40 ",  9.66 ,"  6,710.00 ","  2,952.40 ",  2.95 ,10/19/2022,Oct,Q4,2021,Avery Anderson,Amarilla,Italy
Government,CUST_ID_047,PROD_ID_006,Low,"  1,778.00 ",  260.00 ,  350.00 ,"  622,300.00 ",24892,"  597,408.00 ",  597.41 ,"  462,280.00 ","  135,128.00 ",  135.13 ,12/31/2021,Dec,Q4,2021,Michael Wilson,Amarilla,India
Government,CUST_ID_037,PROD_ID_001,Medium,"  1,159.00 ",  5.00 ,  7.00 ,"  8,113.00 ",405.65,"  7,707.35 ",  7.71 ,"  5,795.00 ","  1,912.35 ",  1.91 ,8/17/2022,Aug,Q3,2021,Henry Martinez,Montana,Germany
Government,CUST_ID_004,PROD_ID_002,Medium,"  2,349.00 ",  10.00 ,  7.00 ,"  16,443.00 ",822.15,"  15,620.85 ",  15.62 ,"  11,745.00 ","  3,875.85 ",  3.88 ,9/28/2022,Sep,Q3,2021,Olivia Brown,Paseo,France
Government,CUST_ID_035,PROD_ID_006,Medium,"  1,159.00 ",  260.00 ,  7.00 ,"  8,113.00 ",405.65,"  7,707.35 ",  7.71 ,"  5,795.00 ","  1,912.35 ",  1.91 ,3/28/2021,Mar,Q1,2021,Samuel Johnson,Amarilla,England
Government,CUST_ID_048,PROD_ID_005,Medium,"  1,016.00 ",  3.00 ,  7.00 ,"  7,112.00 ",355.6,"  6,756.40 ",  6.76 ,"  5,080.00 ","  1,676.40 ",  1.68 ,5/24/2022,May,Q2,2021,Sofia Turner,Carretera,Japan
Government,CUST_ID_049,PROD_ID_001,Medium,  720.00 ,  5.00 ,  350.00 ,"  252,000.00 ",12600,"  239,400.00 ",  239.40 ,"  187,200.00 ","  52,200.00 ",  52.20 ,4/8/2021,Apr,Q2,2021,Elijah Perez,Montana,USA
Small Business,CUST_ID_050,PROD_ID_001,Medium,"  1,100.00 ",  5.00 ,  300.00 ,"  330,000.00 ",16500,"  313,500.00 ",  313.50 ,"  275,000.00 ","  38,500.00 ",  38.50 ,1/20/2021,Jan,Q1,2021,Mia Hill,Montana,Canada
Government,CUST_ID_004,PROD_ID_002,Medium,"  1,228.00 ",  10.00 ,  350.00 ,"  429,800.00 ",21490,"  408,310.00 ",  408.31 ,"  319,280.00 ","  89,030.00 ",  89.03 ,1/9/2021,Jan,Q1,2021,Olivia Brown,Paseo,France
Government,CUST_ID_004,PROD_ID_002,Medium,"  1,389.00 ",  10.00 ,  20.00 ,"  27,780.00 ",1389,"  26,391.00 ",  26.39 ,"  13,890.00 ","  12,501.00 ",  12.50 ,12/16/2021,Dec,Q4,2021,Olivia Brown,Paseo,France
Enterprise,CUST_ID_051,PROD_ID_002,Medium,  704.00 ,  10.00 ,  125.00 ,"  88,000.00 ",4400,"  83,600.00 ",  83.60 ,"  84,480.00 ",  -880.00 ,  -0.88 ,7/25/2021,Jul,Q3,2021,Logan Phillips,Paseo,England
Government,CUST_ID_004,PROD_ID_002,Medium,"  1,802.00 ",  10.00 ,  20.00 ,"  36,040.00 ",1802,"  34,238.00 ",  34.24 ,"  18,020.00 ","  16,218.00 ",  16.22 ,9/30/2021,Sep,Q3,2021,Olivia Brown,Paseo,France
Government,CUST_ID_052,PROD_ID_002,Medium,"  2,136.00 ",  10.00 ,  7.00 ,"  14,952.00 ",747.6,"  14,204.40 ",  14.20 ,"  10,680.00 ","  3,524.40 ",  3.52 ,7/22/2021,Jul,Q3,2021,Charlotte Martin,Paseo,France
Midmarket,CUST_ID_038,PROD_ID_002,Medium,"  2,116.00 ",  10.00 ,  15.00 ,"  31,740.00 ",1587,"  30,153.00 ",  30.15 ,"  21,160.00 ","  8,993.00 ",  8.99 ,3/16/2022,Mar,Q1,2021,Amelia Wilson,Paseo,Italy
Enterprise,CUST_ID_053,PROD_ID_003,Medium,  704.00 ,  120.00 ,  125.00 ,"  88,000.00 ",4400,"  83,600.00 ",  83.60 ,"  84,480.00 ",  -880.00 ,  -0.88 ,4/25/2021,Apr,Q2,2021,Samuel Hill,Velo,Germany
Government,CUST_ID_054,PROD_ID_003,Medium,"  1,033.00 ",  120.00 ,  20.00 ,"  20,660.00 ",1033,"  19,627.00 ",  19.63 ,"  10,330.00 ","  9,297.00 ",  9.30 ,10/28/2022,Oct,Q4,2021,Harper Wilson,Velo,Italy
Government,CUST_ID_055,PROD_ID_004,Medium,"  1,389.00 ",  250.00 ,  20.00 ,"  27,780.00 ",1389,"  26,391.00 ",  26.39 ,"  13,890.00 ","  12,501.00 ",  12.50 ,9/7/2021,Sep,Q3,2021,Henry Turner,VTT,India
Government,CUST_ID_033,PROD_ID_004,Medium,"  1,265.00 ",  250.00 ,  20.00 ,"  25,300.00 ",1265,"  24,035.00 ",  24.04 ,"  12,650.00 ","  11,385.00 ",  11.39 ,7/3/2021,Jul,Q3,2021,Logan Garcia,VTT,USA
Government,CUST_ID_056,PROD_ID_004,Medium,"  2,297.00 ",  250.00 ,  20.00 ,"  45,940.00 ",2297,"  43,643.00 ",  43.64 ,"  22,970.00 ","  20,673.00 ",  20.67 ,7/31/2021,Jul,Q3,2021,Amelia Perez,VTT,Japan
Government,CUST_ID_047,PROD_ID_006,Medium,"  1,228.00 ",  260.00 ,  350.00 ,"  429,800.00 ",21490,"  408,310.00 ",  408.31 ,"  319,280.00 ","  89,030.00 ",  89.03 ,1/11/2022,Jan,Q1,2021,Michael Wilson,Amarilla,India
Channel Partners,CUST_ID_036,PROD_ID_005,Medium,"  2,299.00 ",  3.00 ,  12.00 ,"  27,588.00 ",1655.28,"  25,932.72 ",  25.93 ,"  6,897.00 ","  19,035.72 ",  19.04 ,1/1/2022,Jan,Q1,2021,Harper Anderson,Carretera,France
Government,CUST_ID_057,PROD_ID_005,Medium,  263.00 ,  3.00 ,  7.00 ,"  1,841.00 ",110.46,"  1,730.54 ",  1.73 ,"  1,315.00 ",  415.54 ,  0.42 ,4/15/2021,Apr,Q2,2021,Jackson Hill,Carretera,USA
Enterprise,CUST_ID_058,PROD_ID_005,Medium,  887.00 ,  3.00 ,  125.00 ,"  110,875.00 ",6652.5,"  104,222.50 ",  104.22 ,"  106,440.00 ","  -2,217.50 ",  -2.22 ,8/16/2022,Aug,Q3,2021,Abigail Phillips,Carretera,Canada
Government,CUST_ID_059,PROD_ID_001,Medium,"  1,403.00 ",  5.00 ,  7.00 ,"  9,821.00 ",589.26,"  9,231.74 ",  9.23 ,"  7,015.00 ","  2,216.74 ",  2.22 ,9/25/2022,Sep,Q3,2021,Aiden Martin,Montana,England
Channel Partners,CUST_ID_060,PROD_ID_002,Medium,"  2,299.00 ",  10.00 ,  12.00 ,"  27,588.00 ",1655.28,"  25,932.72 ",  25.93 ,"  6,897.00 ","  19,035.72 ",  19.04 ,4/25/2021,Apr,Q2,2021,Emily Garcia,Paseo,France
Government,CUST_ID_027,PROD_ID_002,Medium,  727.00 ,  10.00 ,  350.00 ,"  254,450.00 ",15267,"  239,183.00 ",  239.18 ,"  189,020.00 ","  50,163.00 ",  50.16 ,4/19/2022,Apr,Q2,2021,Michael Hill,Paseo,England
Small Business,CUST_ID_061,PROD_ID_003,Medium,"  1,221.00 ",  120.00 ,  300.00 ,"  366,300.00 ",21978,"  344,322.00 ",  344.32 ,"  305,250.00 ","  39,072.00 ",  39.07 ,5/25/2021,May,Q2,2021,Benjamin Martin,Velo,Germany
Government,CUST_ID_054,PROD_ID_003,Medium,"  2,076.00 ",  120.00 ,  350.00 ,"  726,600.00 ",43596,"  683,004.00 ",  683.00 ,"  539,760.00 ","  143,244.00 ",  143.24 ,9/24/2021,Sep,Q3,2021,Harper Wilson,Velo,Italy
Small Business,CUST_ID_062,PROD_ID_004,Medium,"  1,221.00 ",  250.00 ,  300.00 ,"  366,300.00 ",21978,"  344,322.00 ",  344.32 ,"  305,250.00 ","  39,072.00 ",  39.07 ,8/20/2021,Aug,Q3,2021,Mia Lewis,VTT,Italy
Government,CUST_ID_034,PROD_ID_004,Medium,"  1,123.00 ",  250.00 ,  20.00 ,"  22,460.00 ",1347.6,"  21,112.40 ",  21.11 ,"  11,230.00 ","  9,882.40 ",  9.88 ,7/25/2022,Jul,Q3,2021,Charlotte Davis,VTT,Canada
Small Business,CUST_ID_063,PROD_ID_004,Medium,"  2,436.00 ",  250.00 ,  300.00 ,"  730,800.00 ",43848,"  686,952.00 ",  686.95 ,"  609,000.00 ","  77,952.00 ",  77.95 ,3/5/2021,Mar,Q1,2021,Logan Clark,VTT,India
Government,CUST_ID_064,PROD_ID_006,Medium,  727.00 ,  260.00 ,  350.00 ,"  254,450.00 ",15267,"  239,183.00 ",  239.18 ,"  189,020.00 ","  50,163.00 ",  50.16 ,2/21/2022,Feb,Q1,2021,Charlotte Anderson,Amarilla,Japan
Government,CUST_ID_065,PROD_ID_006,Medium,"  1,403.00 ",  260.00 ,  7.00 ,"  9,821.00 ",589.26,"  9,231.74 ",  9.23 ,"  7,015.00 ","  2,216.74 ",  2.22 ,9/8/2021,Sep,Q3,2021,Samuel Wilson,Amarilla,USA
Government,CUST_ID_065,PROD_ID_006,Medium,"  2,076.00 ",  260.00 ,  350.00 ,"  726,600.00 ",43596,"  683,004.00 ",  683.00 ,"  539,760.00 ","  143,244.00 ",  143.24 ,8/21/2022,Aug,Q3,2021,Samuel Wilson,Amarilla,USA
Government,CUST_ID_059,PROD_ID_001,Medium,"  1,757.00 ",  5.00 ,  20.00 ,"  35,140.00 ",2108.4,"  33,031.60 ",  33.03 ,"  17,570.00 ","  15,461.60 ",  15.46 ,5/18/2022,May,Q2,2021,Aiden Martin,Montana,England
Government,CUST_ID_052,PROD_ID_002,Medium,"  1,757.00 ",  10.00 ,  20.00 ,"  35,140.00 ",2108.4,"  33,031.60 ",  33.03 ,"  17,570.00 ","  15,461.60 ",  15.46 ,8/29/2022,Aug,Q3,2021,Charlotte Martin,Paseo,France
Government,CUST_ID_066,PROD_ID_005,Medium,"  1,834.00 ",  3.00 ,  20.00 ,"  36,680.00 ",2567.6,"  34,112.40 ",  34.11 ,"  18,340.00 ","  15,772.40 ",  15.77 ,4/23/2022,Apr,Q2,2021,Harper Turner,Carretera,Canada
Government,CUST_ID_052,PROD_ID_002,Medium,"  1,031.00 ",  10.00 ,  7.00 ,"  7,217.00 ",505.19,"  6,711.81 ",  6.71 ,"  5,155.00 ","  1,556.81 ",  1.56 ,2/6/2022,Feb,Q1,2021,Charlotte Martin,Paseo,France
Channel Partners,CUST_ID_067,PROD_ID_004,Medium,"  2,215.00 ",  250.00 ,  12.00 ,"  26,580.00 ",1860.6,"  24,719.40 ",  24.72 ,"  6,645.00 ","  18,074.40 ",  18.07 ,1/2/2021,Jan,Q1,2021,Henry Phillips,VTT,England
Enterprise,CUST_ID_068,PROD_ID_001,Medium,"  2,500.00 ",  5.00 ,  125.00 ,"  312,500.00 ",21875,"  290,625.00 ",  290.63 ,"  300,000.00 ","  -9,375.00 ",  -9.38 ,3/13/2021,Mar,Q1,2021,Amelia Martin,Montana,France
Midmarket,CUST_ID_026,PROD_ID_002,Medium,"  2,931.00 ",  10.00 ,  15.00 ,"  43,965.00 ",3077.55,"  40,887.45 ",  40.89 ,"  29,310.00 ","  11,577.45 ",  11.58 ,9/12/2021,Sep,Q3,2021,Avery Turner,Paseo,Canada
Small Business,CUST_ID_069,PROD_ID_002,Medium,"  1,123.00 ",  10.00 ,  300.00 ,"  336,900.00 ",23583,"  313,317.00 ",  313.32 ,"  280,750.00 ","  32,567.00 ",  32.57 ,6/16/2021,Jun,Q2,2021,Jackson Hill,Paseo,Germany
Small Business,CUST_ID_070,PROD_ID_002,Medium,"  1,404.00 ",  10.00 ,  300.00 ,"  421,200.00 ",29484,"  391,716.00 ",  391.72 ,"  351,000.00 ","  40,716.00 ",  40.72 ,5/19/2022,May,Q2,2021,Abigail Garcia,Paseo,Italy
Channel Partners,CUST_ID_071,PROD_ID_002,Medium,"  2,763.00 ",  10.00 ,  12.00 ,"  33,156.00 ",2320.92,"  30,835.08 ",  30.84 ,"  8,289.00 ","  22,546.08 ",  22.55 ,4/7/2021,Apr,Q2,2021,Aiden Perez,Paseo,India
Government,CUST_ID_072,PROD_ID_002,Medium,"  2,125.00 ",  10.00 ,  7.00 ,"  14,875.00 ",1041.25,"  13,833.75 ",  13.83 ,"  10,625.00 ","  3,208.75 ",  3.21 ,6/14/2022,Jun,Q2,2021,Emily Hill,Paseo,Japan
Government,CUST_ID_041,PROD_ID_003,Medium,"  1,421.00 ",  120.00 ,  20.00 ,"  28,420.00 ",1989.4,"  26,430.60 ",  26.43 ,"  14,210.00 ","  12,220.60 ",  12.22 ,2/11/2022,Feb,Q1,2021,Aiden Clark,Velo,USA
Government,CUST_ID_028,PROD_ID_003,Medium,  588.00 ,  120.00 ,  20.00 ,"  11,760.00 ",823.2,"  10,936.80 ",  10.94 ,"  5,880.00 ","  5,056.80 ",  5.06 ,5/5/2022,May,Q2,2021,Sofia Phillips,Velo,France
Enterprise,CUST_ID_073,PROD_ID_006,Medium,  994.00 ,  260.00 ,  125.00 ,"  124,250.00 ",8697.5,"  115,552.50 ",  115.55 ,"  119,280.00 ","  -3,727.50 ",  -3.73 ,6/6/2022,Jun,Q2,2021,Benjamin Phillips,Amarilla,USA
Small Business,CUST_ID_074,PROD_ID_001,Medium,"  1,283.00 ",  5.00 ,  300.00 ,"  384,900.00 ",30792,"  354,108.00 ",  354.11 ,"  320,750.00 ","  33,358.00 ",  33.36 ,8/13/2021,Aug,Q3,2021,Mia Turner,Montana,Canada
Government,CUST_ID_072,PROD_ID_002,Medium,"  2,409.00 ",  10.00 ,  7.00 ,"  16,863.00 ",1349.04,"  15,513.96 ",  15.51 ,"  12,045.00 ","  3,468.96 ",  3.47 ,11/14/2022,Nov,Q4,2021,Emily Hill,Paseo,Japan
Government,CUST_ID_072,PROD_ID_002,Medium,"  2,146.00 ",  10.00 ,  350.00 ,"  751,100.00 ",60088,"  691,012.00 ",  691.01 ,"  557,960.00 ","  133,052.00 ",  133.05 ,10/21/2021,Oct,Q4,2021,Emily Hill,Paseo,Japan
Government,CUST_ID_040,PROD_ID_002,Medium,"  1,946.00 ",  10.00 ,  7.00 ,"  13,622.00 ",1089.76,"  12,532.24 ",  12.53 ,"  9,730.00 ","  2,802.24 ",  2.80 ,2/16/2021,Feb,Q1,2021,Abigail Lewis,Paseo,Japan
Small Business,CUST_ID_061,PROD_ID_003,Medium,  386.00 ,  120.00 ,  300.00 ,"  115,800.00 ",9264,"  106,536.00 ",  106.54 ,"  96,500.00 ","  10,036.00 ",  10.04 ,11/12/2022,Nov,Q4,2021,Benjamin Martin,Velo,Germany
Small Business,CUST_ID_075,PROD_ID_004,Medium,  808.00 ,  250.00 ,  300.00 ,"  242,400.00 ",19392,"  223,008.00 ",  223.01 ,"  202,000.00 ","  21,008.00 ",  21.01 ,6/30/2022,Jun,Q2,2021,Logan Martin,VTT,England
Channel Partners,CUST_ID_076,PROD_ID_006,Medium,"  1,375.00 ",  260.00 ,  12.00 ,"  16,500.00 ",1320,"  15,180.00 ",  15.18 ,"  4,125.00 ","  11,055.00 ",  11.06 ,10/7/2022,Oct,Q4,2021,Charlotte Garcia,Amarilla,France
Channel Partners,CUST_ID_077,PROD_ID_005,Medium,  367.00 ,  3.00 ,  12.00 ,"  4,404.00 ",396.36,"  4,007.64 ",  4.01 ,"  1,101.00 ","  2,906.64 ",  2.91 ,2/17/2022,Feb,Q1,2021,Samuel Phillips,Carretera,Germany
Small Business,CUST_ID_078,PROD_ID_001,Medium,  322.00 ,  5.00 ,  300.00 ,"  96,600.00 ",8694,"  87,906.00 ",  87.91 ,"  80,500.00 ","  7,406.00 ",  7.41 ,6/14/2021,Jun,Q2,2021,Harper Hill,Montana,Italy
Enterprise,CUST_ID_079,PROD_ID_001,Medium,"  1,857.00 ",  5.00 ,  125.00 ,"  232,125.00 ",20891.25,"  211,233.75 ",  211.23 ,"  222,840.00 ","  -11,606.25 ",  -11.61 ,4/29/2022,Apr,Q2,2021,Henry Turner,Montana,India
Government,CUST_ID_043,PROD_ID_001,Medium,"  1,611.00 ",  5.00 ,  7.00 ,"  11,277.00 ",1014.93,"  10,262.07 ",  10.26 ,"  8,055.00 ","  2,207.07 ",  2.21 ,11/30/2022,Nov,Q4,2021,Sebastian Phillips,Montana,England
Small Business,CUST_ID_080,PROD_ID_001,Medium,  334.00 ,  5.00 ,  300.00 ,"  100,200.00 ",9018,"  91,182.00 ",  91.18 ,"  83,500.00 ","  7,682.00 ",  7.68 ,3/19/2022,Mar,Q1,2021,Amelia Martin,Montana,Japan
Channel Partners,CUST_ID_071,PROD_ID_002,Medium,  367.00 ,  10.00 ,  12.00 ,"  4,404.00 ",396.36,"  4,007.64 ",  4.01 ,"  1,101.00 ","  2,906.64 ",  2.91 ,6/25/2022,Jun,Q2,2021,Aiden Perez,Paseo,India
Channel Partners,CUST_ID_014,PROD_ID_002,Medium,"  1,775.00 ",  10.00 ,  12.00 ,"  21,300.00 ",1917,"  19,383.00 ",  19.38 ,"  5,325.00 ","  14,058.00 ",  14.06 ,3/9/2022,Mar,Q1,2021,Charlotte White,Paseo,Italy
Channel Partners,CUST_ID_081,PROD_ID_004,Medium,"  2,234.00 ",  250.00 ,  12.00 ,"  26,808.00 ",2412.72,"  24,395.28 ",  24.40 ,"  6,702.00 ","  17,693.28 ",  17.69 ,7/11/2021,Jul,Q3,2021,Jackson Lewis,VTT,USA
Midmarket,CUST_ID_082,PROD_ID_006,Medium,  970.00 ,  260.00 ,  15.00 ,"  14,550.00 ",1309.5,"  13,240.50 ",  13.24 ,"  9,700.00 ","  3,540.50 ",  3.54 ,8/16/2022,Aug,Q3,2021,Abigail Clark,Amarilla,Canada
Government,CUST_ID_008,PROD_ID_004,Medium,"  2,682.00 ",  250.00 ,  20.00 ,"  53,640.00 ",4827.6,"  48,812.40 ",  48.81 ,"  26,820.00 ","  21,992.40 ",  21.99 ,1/20/2022,Jan,Q1,2021,Isabella Wilson,VTT,Japan
Channel Partners,CUST_ID_083,PROD_ID_006,Medium,  306.00 ,  260.00 ,  12.00 ,"  3,672.00 ",330.48,"  3,341.52 ",  3.34 ,  918.00 ,"  2,423.52 ",  2.42 ,11/12/2021,Nov,Q4,2021,Aiden Anderson,Amarilla,England
Channel Partners,CUST_ID_084,PROD_ID_005,High,  386.00 ,  3.00 ,  12.00 ,"  4,632.00 ",463.2,"  4,168.80 ",  4.17 ,"  1,158.00 ","  3,010.80 ",  3.01 ,8/21/2022,Aug,Q3,2021,Emily Martin,Carretera,France
Channel Partners,CUST_ID_005,PROD_ID_002,High,  386.00 ,  10.00 ,  12.00 ,"  4,632.00 ",463.2,"  4,168.80 ",  4.17 ,"  1,158.00 ","  3,010.80 ",  3.01 ,1/13/2022,Jan,Q1,2021,Liam Jones,Paseo,Germany
Enterprise,CUST_ID_085,PROD_ID_005,High,"  1,482.00 ",  3.00 ,  125.00 ,"  185,250.00 ",18525,"  166,725.00 ",  166.73 ,"  177,840.00 ","  -11,115.00 ",  -11.12 ,4/28/2022,Apr,Q2,2021,Benjamin Garcia,Carretera,Germany
Enterprise,CUST_ID_013,PROD_ID_001,High,"  1,804.00 ",  5.00 ,  125.00 ,"  225,500.00 ",22550,"  202,950.00 ",  202.95 ,"  216,480.00 ","  -13,530.00 ",  -13.53 ,4/21/2022,Apr,Q2,2021,Logan Jackson,Montana,Germany
Midmarket,CUST_ID_002,PROD_ID_002,High,"  2,167.00 ",  10.00 ,  15.00 ,"  32,505.00 ",3250.5,"  29,254.50 ",  29.25 ,"  21,670.00 ","  7,584.50 ",  7.58 ,9/25/2021,Sep,Q3,2021,Emma Johnson,Paseo,Canada
Small Business,CUST_ID_086,PROD_ID_003,High,"  2,294.00 ",  120.00 ,  300.00 ,"  688,200.00 ",68820,"  619,380.00 ",  619.38 ,"  573,500.00 ","  45,880.00 ",  45.88 ,4/11/2022,Apr,Q2,2021,Mia Hill,Velo,Italy
Enterprise,CUST_ID_007,PROD_ID_003,High,"  1,916.00 ",  120.00 ,  125.00 ,"  239,500.00 ",23950,"  215,550.00 ",  215.55 ,"  229,920.00 ","  -14,370.00 ",  -14.37 ,2/8/2021,Feb,Q1,2021,Ethan Miller,Velo,India
Small Business,CUST_ID_075,PROD_ID_004,High,"  2,294.00 ",  250.00 ,  300.00 ,"  688,200.00 ",68820,"  619,380.00 ",  619.38 ,"  573,500.00 ","  45,880.00 ",  45.88 ,6/18/2022,Jun,Q2,2021,Logan Martin,VTT,England
Midmarket,CUST_ID_087,PROD_ID_004,High,"  2,167.00 ",  250.00 ,  15.00 ,"  32,505.00 ",3250.5,"  29,254.50 ",  29.25 ,"  21,670.00 ","  7,584.50 ",  7.58 ,8/11/2022,Aug,Q3,2021,Logan Phillips,VTT,India
Government,CUST_ID_056,PROD_ID_004,High,"  1,870.00 ",  250.00 ,  350.00 ,"  654,500.00 ",65450,"  589,050.00 ",  589.05 ,"  486,200.00 ","  102,850.00 ",  102.85 ,7/23/2022,Jul,Q3,2021,Amelia Perez,VTT,Japan
Channel Partners,CUST_ID_088,PROD_ID_005,High,"  1,198.00 ",  3.00 ,  12.00 ,"  14,376.00 ",1581.36,"  12,794.64 ",  12.79 ,"  3,594.00 ","  9,200.64 ",  9.20 ,4/21/2022,Apr,Q2,2021,Charlotte Hill,Carretera,Japan
Channel Partners,CUST_ID_025,PROD_ID_002,High,"  1,198.00 ",  10.00 ,  12.00 ,"  14,376.00 ",1581.36,"  12,794.64 ",  12.79 ,"  3,594.00 ","  9,200.64 ",  9.20 ,4/26/2022,Apr,Q2,2021,Alexander Perez,Paseo,USA
Channel Partners,CUST_ID_089,PROD_ID_004,High,"  1,005.00 ",  250.00 ,  12.00 ,"  12,060.00 ",1326.6,"  10,733.40 ",  10.73 ,"  3,015.00 ","  7,718.40 ",  7.72 ,6/22/2021,Jun,Q2,2021,Samuel Turner,VTT,USA
Midmarket,CUST_ID_090,PROD_ID_005,High,"  1,560.00 ",  3.00 ,  15.00 ,"  23,400.00 ",2574,"  20,826.00 ",  20.83 ,"  15,600.00 ","  5,226.00 ",  5.23 ,1/23/2021,Jan,Q1,2021,Harper Martin,Carretera,Canada
Government,CUST_ID_066,PROD_ID_005,High,"  2,706.00 ",  3.00 ,  7.00 ,"  18,942.00 ",2083.62,"  16,858.38 ",  16.86 ,"  13,530.00 ","  3,328.38 ",  3.33 ,3/25/2022,Mar,Q1,2021,Harper Turner,Carretera,Canada
Government,CUST_ID_037,PROD_ID_001,High,"  2,992.00 ",  5.00 ,  20.00 ,"  59,840.00 ",6582.4,"  53,257.60 ",  53.26 ,"  29,920.00 ","  23,337.60 ",  23.34 ,12/30/2022,Dec,Q4,2021,Henry Martinez,Montana,Germany
Government,CUST_ID_072,PROD_ID_002,High,"  2,992.00 ",  10.00 ,  20.00 ,"  59,840.00 ",6582.4,"  53,257.60 ",  53.26 ,"  29,920.00 ","  23,337.60 ",  23.34 ,4/15/2022,Apr,Q2,2021,Emily Hill,Paseo,Japan
Government,CUST_ID_054,PROD_ID_003,High,"  2,805.00 ",  120.00 ,  20.00 ,"  56,100.00 ",6171,"  49,929.00 ",  49.93 ,"  28,050.00 ","  21,879.00 ",  21.88 ,10/9/2021,Oct,Q4,2021,Harper Wilson,Velo,Italy
Midmarket,CUST_ID_091,PROD_ID_003,High,  655.00 ,  120.00 ,  15.00 ,"  9,825.00 ",1080.75,"  8,744.25 ",  8.74 ,"  6,550.00 ","  2,194.25 ",  2.19 ,10/31/2021,Oct,Q4,2021,Henry Garcia,Velo,England
Government,CUST_ID_031,PROD_ID_003,High,  344.00 ,  120.00 ,  350.00 ,"  120,400.00 ",13244,"  107,156.00 ",  107.16 ,"  89,440.00 ","  17,716.00 ",  17.72 ,4/3/2022,Apr,Q2,2021,Benjamin Lee,Velo,India
Government,CUST_ID_055,PROD_ID_004,High,"  2,935.00 ",  250.00 ,  20.00 ,"  58,700.00 ",6457,"  52,243.00 ",  52.24 ,"  29,350.00 ","  22,893.00 ",  22.89 ,3/9/2022,Mar,Q1,2021,Henry Turner,VTT,India
Enterprise,CUST_ID_092,PROD_ID_006,High,  947.00 ,  260.00 ,  125.00 ,"  118,375.00 ",13021.25,"  105,353.75 ",  105.35 ,"  113,640.00 ","  -8,286.25 ",  -8.29 ,10/24/2021,Oct,Q4,2021,Amelia Phillips,Amarilla,France
Government,CUST_ID_093,PROD_ID_006,High,  344.00 ,  260.00 ,  350.00 ,"  120,400.00 ",13244,"  107,156.00 ",  107.16 ,"  89,440.00 ","  17,716.00 ",  17.72 ,10/3/2022,Oct,Q4,2021,Jackson Hill,Amarilla,Germany
Government,CUST_ID_027,PROD_ID_002,High,  380.00 ,  10.00 ,  7.00 ,"  2,660.00 ",292.6,"  2,367.40 ",  2.37 ,"  1,900.00 ",  467.40 ,  0.47 ,4/30/2022,Apr,Q2,2021,Michael Hill,Paseo,England
Enterprise,CUST_ID_094,PROD_ID_005,High,"  2,416.00 ",  3.00 ,  125.00 ,"  302,000.00 ",36240,"  265,760.00 ",  265.76 ,"  289,920.00 ","  -24,160.00 ",  -24.16 ,11/11/2021,Nov,Q4,2021,Abigail Martin,Carretera,Italy
Government,CUST_ID_049,PROD_ID_001,High,"  1,715.00 ",  5.00 ,  20.00 ,"  34,300.00 ",4116,"  30,184.00 ",  30.18 ,"  17,150.00 ","  13,034.00 ",  13.03 ,12/12/2022,Dec,Q4,2021,Elijah Perez,Montana,USA
Small Business,CUST_ID_078,PROD_ID_001,High,"  1,186.00 ",  5.00 ,  300.00 ,"  355,800.00 ",42696,"  313,104.00 ",  313.10 ,"  296,500.00 ","  16,604.00 ",  16.60 ,7/17/2022,Jul,Q3,2021,Harper Hill,Montana,Italy
Government,CUST_ID_040,PROD_ID_002,High,"  1,715.00 ",  10.00 ,  20.00 ,"  34,300.00 ",4116,"  30,184.00 ",  30.18 ,"  17,150.00 ","  13,034.00 ",  13.03 ,10/19/2022,Oct,Q4,2021,Abigail Lewis,Paseo,Japan
Midmarket,CUST_ID_044,PROD_ID_002,High,  380.00 ,  10.00 ,  15.00 ,"  5,700.00 ",684,"  5,016.00 ",  5.02 ,"  3,800.00 ","  1,216.00 ",  1.22 ,5/17/2022,May,Q2,2021,Elizabeth Martin,Paseo,France
Government,CUST_ID_055,PROD_ID_004,High,  623.00 ,  250.00 ,  350.00 ,"  218,050.00 ",26166,"  191,884.00 ",  191.88 ,"  161,980.00 ","  29,904.00 ",  29.90 ,2/28/2021,Feb,Q1,2021,Henry Turner,VTT,India
Midmarket,CUST_ID_046,PROD_ID_006,High,"  2,548.00 ",  260.00 ,  15.00 ,"  38,220.00 ",4586.4,"  33,633.60 ",  33.63 ,"  25,480.00 ","  8,153.60 ",  8.15 ,12/16/2021,Dec,Q4,2021,Avery Anderson,Amarilla,Italy
Channel Partners,CUST_ID_095,PROD_ID_006,High,"  2,761.00 ",  260.00 ,  12.00 ,"  33,132.00 ",3975.84,"  29,156.16 ",  29.16 ,"  8,283.00 ","  20,873.16 ",  20.87 ,1/7/2021,Jan,Q1,2021,Aiden Garcia,Amarilla,India
Government,CUST_ID_048,PROD_ID_005,High,  442.00 ,  3.00 ,  20.00 ,"  8,840.00 ",1149.2,"  7,690.80 ",  7.69 ,"  4,420.00 ","  3,270.80 ",  3.27 ,3/22/2021,Mar,Q1,2021,Sofia Turner,Carretera,Japan
Midmarket,CUST_ID_096,PROD_ID_003,High,  660.00 ,  120.00 ,  15.00 ,"  9,900.00 ",1287,"  8,613.00 ",  8.61 ,"  6,600.00 ","  2,013.00 ",  2.01 ,7/4/2022,Jul,Q3,2021,Emily Phillips,Velo,Japan
Small Business,CUST_ID_097,PROD_ID_003,High,"  2,605.00 ",  120.00 ,  300.00 ,"  781,500.00 ",101595,"  679,905.00 ",  679.91 ,"  651,250.00 ","  28,655.00 ",  28.66 ,8/21/2022,Aug,Q3,2021,Benjamin Hill,Velo,USA
Channel Partners,CUST_ID_098,PROD_ID_006,High,"  1,770.00 ",  260.00 ,  12.00 ,"  21,240.00 ",2761.2,"  18,478.80 ",  18.48 ,"  5,310.00 ","  13,168.80 ",  13.17 ,1/21/2021,Jan,Q1,2021,Mia Turner,Amarilla,Canada
Government,CUST_ID_057,PROD_ID_005,High,"  2,996.00 ",  3.00 ,  7.00 ,"  20,972.00 ",2936.08,"  18,035.92 ",  18.04 ,"  14,980.00 ","  3,055.92 ",  3.06 ,6/4/2021,Jun,Q2,2021,Jackson Hill,Carretera,USA
Government,CUST_ID_099,PROD_ID_001,High,"  2,996.00 ",  5.00 ,  7.00 ,"  20,972.00 ",2936.08,"  18,035.92 ",  18.04 ,"  14,980.00 ","  3,055.92 ",  3.06 ,3/6/2022,Mar,Q1,2021,Logan Martin,Montana,England
Channel Partners,CUST_ID_018,PROD_ID_006,High,"  2,015.00 ",  260.00 ,  12.00 ,"  24,180.00 ",3385.2,"  20,794.80 ",  20.79 ,"  6,045.00 ","  14,749.80 ",  14.75 ,8/7/2022,Aug,Q3,2021,Amelia Garcia,Amarilla,Canada
Enterprise,CUST_ID_085,PROD_ID_005,High,"  1,023.00 ",  3.00 ,  125.00 ,"  127,875.00 ",17902.5,"  109,972.50 ",  109.97 ,"  122,760.00 ","  -12,787.50 ",  -12.79 ,3/28/2021,Mar,Q1,2021,Benjamin Garcia,Carretera,Germany
Enterprise,CUST_ID_100,PROD_ID_005,High,"  2,821.00 ",  3.00 ,  125.00 ,"  352,625.00 ",49367.5,"  303,257.50 ",  303.26 ,"  338,520.00 ","  -35,262.50 ",  -35.26 ,7/8/2022,Jul,Q3,2021,Charlotte Garcia,Carretera,France
Government,CUST_ID_049,PROD_ID_001,High,"  1,727.00 ",  5.00 ,  7.00 ,"  12,089.00 ",1692.46,"  10,396.54 ",  10.40 ,"  8,635.00 ","  1,761.54 ",  1.76 ,11/16/2021,Nov,Q4,2021,Elijah Perez,Montana,USA
Midmarket,CUST_ID_006,PROD_ID_002,High,"  2,470.00 ",  10.00 ,  15.00 ,"  37,050.00 ",5187,"  31,863.00 ",  31.86 ,"  24,700.00 ","  7,163.00 ",  7.16 ,4/1/2021,Apr,Q2,2021,Ava Davis,Paseo,Italy
Midmarket,CUST_ID_006,PROD_ID_002,High,"  1,743.00 ",  10.00 ,  15.00 ,"  26,145.00 ",3660.3,"  22,484.70 ",  22.48 ,"  17,430.00 ","  5,054.70 ",  5.05 ,4/22/2022,Apr,Q2,2021,Ava Davis,Paseo,Italy
Channel Partners,CUST_ID_060,PROD_ID_002,High,"  2,222.00 ",  10.00 ,  12.00 ,"  26,664.00 ",3732.96,"  22,931.04 ",  22.93 ,"  6,666.00 ","  16,265.04 ",  16.27 ,5/1/2021,May,Q2,2021,Emily Garcia,Paseo,France
Government,CUST_ID_052,PROD_ID_002,High,"  1,922.00 ",  10.00 ,  350.00 ,"  672,700.00 ",94178,"  578,522.00 ",  578.52 ,"  499,720.00 ","  78,802.00 ",  78.80 ,6/19/2022,Jun,Q2,2021,Charlotte Martin,Paseo,France
Small Business,CUST_ID_101,PROD_ID_003,High,  269.00 ,  120.00 ,  300.00 ,"  80,700.00 ",11298,"  69,402.00 ",  69.40 ,"  67,250.00 ","  2,152.00 ",  2.15 ,1/8/2022,Jan,Q1,2021,Samuel Hill,Velo,Germany
Small Business,CUST_ID_102,PROD_ID_003,High,"  2,536.00 ",  120.00 ,  300.00 ,"  760,800.00 ",106512,"  654,288.00 ",  654.29 ,"  634,000.00 ","  20,288.00 ",  20.29 ,9/3/2022,Sep,Q3,2021,Harper Phillips,Velo,Italy
Small Business,CUST_ID_063,PROD_ID_004,High,  269.00 ,  250.00 ,  300.00 ,"  80,700.00 ",11298,"  69,402.00 ",  69.40 ,"  67,250.00 ","  2,152.00 ",  2.15 ,10/19/2022,Oct,Q4,2021,Logan Clark,VTT,India
Government,CUST_ID_008,PROD_ID_004,High,"  1,281.00 ",  250.00 ,  350.00 ,"  448,350.00 ",62769,"  385,581.00 ",  385.58 ,"  333,060.00 ","  52,521.00 ",  52.52 ,1/19/2022,Jan,Q1,2021,Isabella Wilson,VTT,Japan
Midmarket,CUST_ID_103,PROD_ID_006,High,"  1,743.00 ",  260.00 ,  15.00 ,"  26,145.00 ",3660.3,"  22,484.70 ",  22.48 ,"  17,430.00 ","  5,054.70 ",  5.05 ,10/7/2021,Oct,Q4,2021,Henry Martin,Amarilla,India
Government,CUST_ID_093,PROD_ID_006,High,"  1,727.00 ",  260.00 ,  7.00 ,"  12,089.00 ",1692.46,"  10,396.54 ",  10.40 ,"  8,635.00 ","  1,761.54 ",  1.76 ,11/30/2022,Nov,Q4,2021,Jackson Hill,Amarilla,Germany
Midmarket,CUST_ID_104,PROD_ID_006,High,"  1,870.00 ",  260.00 ,  15.00 ,"  28,050.00 ",3927,"  24,123.00 ",  24.12 ,"  18,700.00 ","  5,423.00 ",  5.42 ,11/21/2021,Nov,Q4,2021,Amelia Hill,Amarilla,Japan
Government,CUST_ID_027,PROD_ID_002,High,  267.00 ,  10.00 ,  20.00 ,"  5,340.00 ",801,"  4,539.00 ",  4.54 ,"  2,670.00 ","  1,869.00 ",  1.87 ,3/21/2021,Mar,Q1,2021,Michael Hill,Paseo,England
Government,CUST_ID_027,PROD_ID_002,High,"  2,007.00 ",  10.00 ,  350.00 ,"  702,450.00 ",105367.5,"  597,082.50 ",  597.08 ,"  521,820.00 ","  75,262.50 ",  75.26 ,9/2/2022,Sep,Q3,2021,Michael Hill,Paseo,England
Government,CUST_ID_040,PROD_ID_002,High,"  2,151.00 ",  10.00 ,  350.00 ,"  752,850.00 ",112927.5,"  639,922.50 ",  639.92 ,"  559,260.00 ","  80,662.50 ",  80.66 ,2/1/2021,Feb,Q1,2021,Abigail Lewis,Paseo,Japan
Small Business,CUST_ID_086,PROD_ID_003,High,"  2,574.00 ",  120.00 ,  300.00 ,"  772,200.00 ",115830,"  656,370.00 ",  656.37 ,"  643,500.00 ","  12,870.00 ",  12.87 ,6/13/2022,Jun,Q2,2021,Mia Hill,Velo,Italy
Enterprise,CUST_ID_015,PROD_ID_003,High,"  2,438.00 ",  120.00 ,  125.00 ,"  304,750.00 ",45712.5,"  259,037.50 ",  259.04 ,"  292,560.00 ","  -33,522.50 ",  -33.52 ,3/2/2021,Mar,Q1,2021,Samuel Taylor,Velo,India
Government,CUST_ID_033,PROD_ID_004,High,  267.00 ,  250.00 ,  20.00 ,"  5,340.00 ",801,"  4,539.00 ",  4.54 ,"  2,670.00 ","  1,869.00 ",  1.87 ,10/27/2021,Oct,Q4,2021,Logan Garcia,VTT,USA
Enterprise,CUST_ID_105,PROD_ID_004,High,"  2,954.00 ",  250.00 ,  125.00 ,"  369,250.00 ",55387.5,"  313,862.50 ",  313.86 ,"  354,480.00 ","  -40,617.50 ",  -40.62 ,2/22/2021,Feb,Q1,2021,Jackson Turner,VTT,USA
Government,CUST_ID_042,PROD_ID_005,None,"  1,618.50 ",  3.00 ,  20.00 ,"  32,370.00 ",0,"  32,370.00 ",  32.37 ,"  16,185.00 ","  16,185.00 ",  16.19 ,3/2/2021,Mar,Q1,2022,Emily Garcia,Carretera,Canada
Government,CUST_ID_048,PROD_ID_005,None,"  1,321.00 ",  3.00 ,  20.00 ,"  26,420.00 ",0,"  26,420.00 ",  26.42 ,"  13,210.00 ","  13,210.00 ",  13.21 ,3/8/2021,Mar,Q1,2022,Sofia Turner,Carretera,Japan
Midmarket,CUST_ID_106,PROD_ID_005,None,"  2,178.00 ",  3.00 ,  15.00 ,"  32,670.00 ",0,"  32,670.00 ",  32.67 ,"  21,780.00 ","  10,890.00 ",  10.89 ,11/8/2022,Nov,Q4,2022,Abigail Phillips,Carretera,Canada
Midmarket,CUST_ID_107,PROD_ID_005,None,  888.00 ,  3.00 ,  15.00 ,"  13,320.00 ",0,"  13,320.00 ",  13.32 ,"  8,880.00 ","  4,440.00 ",  4.44 ,5/18/2021,May,Q2,2022,Aiden Hill,Carretera,England
Midmarket,CUST_ID_108,PROD_ID_005,None,"  2,470.00 ",  3.00 ,  15.00 ,"  37,050.00 ",0,"  37,050.00 ",  37.05 ,"  24,700.00 ","  12,350.00 ",  12.35 ,9/16/2022,Sep,Q3,2022,Emily Martin,Carretera,France
Government,CUST_ID_048,PROD_ID_005,None,"  1,513.00 ",  3.00 ,  350.00 ,"  529,550.00 ",0,"  529,550.00 ",  529.55 ,"  393,380.00 ","  136,170.00 ",  136.17 ,1/11/2022,Jan,Q1,2022,Sofia Turner,Carretera,Japan
Midmarket,CUST_ID_109,PROD_ID_001,None,  921.00 ,  5.00 ,  15.00 ,"  13,815.00 ",0,"  13,815.00 ",  13.82 ,"  9,210.00 ","  4,605.00 ",  4.61 ,10/23/2022,Oct,Q4,2022,Benjamin Garcia,Montana,Germany
Channel Partners,CUST_ID_110,PROD_ID_001,None,"  2,518.00 ",  5.00 ,  12.00 ,"  30,216.00 ",0,"  30,216.00 ",  30.22 ,"  7,554.00 ","  22,662.00 ",  22.66 ,10/24/2021,Oct,Q4,2022,Mia Hill,Montana,Italy
Government,CUST_ID_059,PROD_ID_001,None,"  1,899.00 ",  5.00 ,  20.00 ,"  37,980.00 ",0,"  37,980.00 ",  37.98 ,"  18,990.00 ","  18,990.00 ",  18.99 ,1/2/2022,Jan,Q1,2022,Aiden Martin,Montana,England
Channel Partners,CUST_ID_111,PROD_ID_001,None,"  1,545.00 ",  5.00 ,  12.00 ,"  18,540.00 ",0,"  18,540.00 ",  18.54 ,"  4,635.00 ","  13,905.00 ",  13.91 ,3/14/2021,Mar,Q1,2022,Logan Phillips,Montana,India
Midmarket,CUST_ID_112,PROD_ID_001,None,"  2,470.00 ",  5.00 ,  15.00 ,"  37,050.00 ",0,"  37,050.00 ",  37.05 ,"  24,700.00 ","  12,350.00 ",  12.35 ,7/29/2021,Jul,Q3,2022,Charlotte Hill,Montana,Japan
Enterprise,CUST_ID_001,PROD_ID_001,None,"  2,665.50 ",  5.00 ,  125.00 ,"  333,187.50 ",0,"  333,187.50 ",  333.19 ,"  319,860.00 ","  13,327.50 ",  13.33 ,2/25/2022,Feb,Q1,2022,James Smith,Montana,USA
Small Business,CUST_ID_050,PROD_ID_001,None,  958.00 ,  5.00 ,  300.00 ,"  287,400.00 ",0,"  287,400.00 ",  287.40 ,"  239,500.00 ","  47,900.00 ",  47.90 ,2/13/2022,Feb,Q1,2022,Mia Hill,Montana,Canada
Government,CUST_ID_037,PROD_ID_001,None,"  2,146.00 ",  5.00 ,  7.00 ,"  15,022.00 ",0,"  15,022.00 ",  15.02 ,"  10,730.00 ","  4,292.00 ",  4.29 ,1/25/2022,Jan,Q1,2022,Henry Martinez,Montana,Germany
Midmarket,CUST_ID_113,PROD_ID_001,None,  615.00 ,  5.00 ,  15.00 ,"  9,225.00 ",0,"  9,225.00 ",  9.23 ,"  6,150.00 ","  3,075.00 ",  3.08 ,3/9/2021,Mar,Q1,2022,Samuel Turner,Montana,USA
Government,CUST_ID_004,PROD_ID_002,None,  292.00 ,  10.00 ,  20.00 ,"  5,840.00 ",0,"  5,840.00 ",  5.84 ,"  2,920.00 ","  2,920.00 ",  2.92 ,4/30/2021,Apr,Q2,2022,Olivia Brown,Paseo,France
Midmarket,CUST_ID_044,PROD_ID_002,None,  974.00 ,  10.00 ,  15.00 ,"  14,610.00 ",0,"  14,610.00 ",  14.61 ,"  9,740.00 ","  4,870.00 ",  4.87 ,4/4/2022,Apr,Q2,2022,Elizabeth Martin,Paseo,France
Channel Partners,CUST_ID_060,PROD_ID_002,None,"  2,518.00 ",  10.00 ,  12.00 ,"  30,216.00 ",0,"  30,216.00 ",  30.22 ,"  7,554.00 ","  22,662.00 ",  22.66 ,11/4/2022,Nov,Q4,2022,Emily Garcia,Paseo,France
Government,CUST_ID_072,PROD_ID_002,None,"  1,006.00 ",  10.00 ,  350.00 ,"  352,100.00 ",0,"  352,100.00 ",  352.10 ,"  261,560.00 ","  90,540.00 ",  90.54 ,7/20/2022,Jul,Q3,2022,Emily Hill,Paseo,Japan
Channel Partners,CUST_ID_014,PROD_ID_002,None,  367.00 ,  10.00 ,  12.00 ,"  4,404.00 ",0,"  4,404.00 ",  4.40 ,"  1,101.00 ","  3,303.00 ",  3.30 ,5/24/2021,May,Q2,2022,Charlotte White,Paseo,Italy
Government,CUST_ID_040,PROD_ID_002,None,  883.00 ,  10.00 ,  7.00 ,"  6,181.00 ",0,"  6,181.00 ",  6.18 ,"  4,415.00 ","  1,766.00 ",  1.77 ,8/29/2021,Aug,Q3,2022,Abigail Lewis,Paseo,Japan
Midmarket,CUST_ID_044,PROD_ID_002,None,"  2,472.00 ",  10.00 ,  15.00 ,"  37,080.00 ",0,"  37,080.00 ",  37.08 ,"  24,720.00 ","  12,360.00 ",  12.36 ,2/27/2021,Feb,Q1,2022,Elizabeth Martin,Paseo,France
Government,CUST_ID_027,PROD_ID_002,None,"  1,143.00 ",  10.00 ,  7.00 ,"  8,001.00 ",0,"  8,001.00 ",  8.00 ,"  5,715.00 ","  2,286.00 ",  2.29 ,11/10/2022,Nov,Q4,2022,Michael Hill,Paseo,England
Government,CUST_ID_004,PROD_ID_002,None,"  1,817.00 ",  10.00 ,  20.00 ,"  36,340.00 ",0,"  36,340.00 ",  36.34 ,"  18,170.00 ","  18,170.00 ",  18.17 ,1/18/2022,Jan,Q1,2022,Olivia Brown,Paseo,France
Government,CUST_ID_072,PROD_ID_002,None,"  1,513.00 ",  10.00 ,  350.00 ,"  529,550.00 ",0,"  529,550.00 ",  529.55 ,"  393,380.00 ","  136,170.00 ",  136.17 ,2/11/2022,Feb,Q1,2022,Emily Hill,Paseo,Japan
Government,CUST_ID_031,PROD_ID_003,None,"  1,493.00 ",  120.00 ,  7.00 ,"  10,451.00 ",0,"  10,451.00 ",  10.45 ,"  7,465.00 ","  2,986.00 ",  2.99 ,3/4/2022,Mar,Q1,2022,Benjamin Lee,Velo,India
Enterprise,CUST_ID_053,PROD_ID_003,None,"  1,804.00 ",  120.00 ,  125.00 ,"  225,500.00 ",0,"  225,500.00 ",  225.50 ,"  216,480.00 ","  9,020.00 ",  9.02 ,6/28/2022,Jun,Q2,2022,Samuel Hill,Velo,Germany
Channel Partners,CUST_ID_114,PROD_ID_003,None,"  2,161.00 ",  120.00 ,  12.00 ,"  25,932.00 ",0,"  25,932.00 ",  25.93 ,"  6,483.00 ","  19,449.00 ",  19.45 ,8/19/2021,Aug,Q3,2022,Harper Martin,Velo,Canada
Government,CUST_ID_028,PROD_ID_003,None,"  1,006.00 ",  120.00 ,  350.00 ,"  352,100.00 ",0,"  352,100.00 ",  352.10 ,"  261,560.00 ","  90,540.00 ",  90.54 ,10/4/2022,Oct,Q4,2022,Sofia Phillips,Velo,France
Channel Partners,CUST_ID_114,PROD_ID_003,None,"  1,545.00 ",  120.00 ,  12.00 ,"  18,540.00 ",0,"  18,540.00 ",  18.54 ,"  4,635.00 ","  13,905.00 ",  13.91 ,8/4/2022,Aug,Q3,2022,Harper Martin,Velo,Canada
Enterprise,CUST_ID_015,PROD_ID_003,None,"  2,821.00 ",  120.00 ,  125.00 ,"  352,625.00 ",0,"  352,625.00 ",  352.63 ,"  338,520.00 ","  14,105.00 ",  14.11 ,8/19/2022,Aug,Q3,2022,Samuel Taylor,Velo,India
Small Business,CUST_ID_063,PROD_ID_004,None,"  2,001.00 ",  250.00 ,  300.00 ,"  600,300.00 ",0,"  600,300.00 ",  600.30 ,"  500,250.00 ","  100,050.00 ",  100.05 ,3/26/2022,Mar,Q1,2022,Logan Clark,VTT,India
Channel Partners,CUST_ID_067,PROD_ID_004,None,"  2,838.00 ",  250.00 ,  12.00 ,"  34,056.00 ",0,"  34,056.00 ",  34.06 ,"  8,514.00 ","  25,542.00 ",  25.54 ,7/3/2022,Jul,Q3,2022,Henry Phillips,VTT,England
Midmarket,CUST_ID_087,PROD_ID_004,None,"  2,178.00 ",  250.00 ,  15.00 ,"  32,670.00 ",0,"  32,670.00 ",  32.67 ,"  21,780.00 ","  10,890.00 ",  10.89 ,7/24/2021,Jul,Q3,2022,Logan Phillips,VTT,India
Midmarket,CUST_ID_039,PROD_ID_004,None,  888.00 ,  250.00 ,  15.00 ,"  13,320.00 ",0,"  13,320.00 ",  13.32 ,"  8,880.00 ","  4,440.00 ",  4.44 ,2/3/2021,Feb,Q1,2022,Jackson Turner,VTT,India
Small Business,CUST_ID_062,PROD_ID_004,None,"  2,151.00 ",  250.00 ,  300.00 ,"  645,300.00 ",0,"  645,300.00 ",  645.30 ,"  537,750.00 ","  107,550.00 ",  107.55 ,5/23/2021,May,Q2,2022,Mia Lewis,VTT,Italy
Government,CUST_ID_055,PROD_ID_004,None,"  1,817.00 ",  250.00 ,  20.00 ,"  36,340.00 ",0,"  36,340.00 ",  36.34 ,"  18,170.00 ","  18,170.00 ",  18.17 ,12/15/2022,Dec,Q4,2022,Henry Turner,VTT,India
Government,CUST_ID_065,PROD_ID_006,None,"  2,750.00 ",  260.00 ,  350.00 ,"  962,500.00 ",0,"  962,500.00 ",  962.50 ,"  715,000.00 ","  247,500.00 ",  247.50 ,8/23/2021,Aug,Q3,2022,Samuel Wilson,Amarilla,USA
Channel Partners,CUST_ID_018,PROD_ID_006,None,"  1,953.00 ",  260.00 ,  12.00 ,"  23,436.00 ",0,"  23,436.00 ",  23.44 ,"  5,859.00 ","  17,577.00 ",  17.58 ,10/13/2021,Oct,Q4,2022,Amelia Garcia,Amarilla,Canada
Enterprise,CUST_ID_073,PROD_ID_006,None,"  4,219.50 ",  260.00 ,  125.00 ,"  527,437.50 ",0,"  527,437.50 ",  527.44 ,"  506,340.00 ","  21,097.50 ",  21.10 ,2/20/2022,Feb,Q1,2022,Benjamin Phillips,Amarilla,USA
Government,CUST_ID_065,PROD_ID_006,None,"  1,899.00 ",  260.00 ,  20.00 ,"  37,980.00 ",0,"  37,980.00 ",  37.98 ,"  18,990.00 ","  18,990.00 ",  18.99 ,7/3/2022,Jul,Q3,2022,Samuel Wilson,Amarilla,USA
Government,CUST_ID_035,PROD_ID_006,None,"  1,686.00 ",  260.00 ,  7.00 ,"  11,802.00 ",0,"  11,802.00 ",  11.80 ,"  8,430.00 ","  3,372.00 ",  3.37 ,9/14/2022,Sep,Q3,2022,Samuel Johnson,Amarilla,England
Channel Partners,CUST_ID_018,PROD_ID_006,None,"  2,141.00 ",  260.00 ,  12.00 ,"  25,692.00 ",0,"  25,692.00 ",  25.69 ,"  6,423.00 ","  19,269.00 ",  19.27 ,11/15/2021,Nov,Q4,2022,Amelia Garcia,Amarilla,Canada
Government,CUST_ID_064,PROD_ID_006,None,"  1,143.00 ",  260.00 ,  7.00 ,"  8,001.00 ",0,"  8,001.00 ",  8.00 ,"  5,715.00 ","  2,286.00 ",  2.29 ,4/23/2022,Apr,Q2,2022,Charlotte Anderson,Amarilla,Japan
Midmarket,CUST_ID_046,PROD_ID_006,None,  615.00 ,  260.00 ,  15.00 ,"  9,225.00 ",0,"  9,225.00 ",  9.23 ,"  6,150.00 ","  3,075.00 ",  3.08 ,12/26/2021,Dec,Q4,2022,Avery Anderson,Amarilla,Italy
Government,CUST_ID_052,PROD_ID_002,Low,"  3,945.00 ",  10.00 ,  7.00 ,"  27,615.00 ",276.15,"  27,338.85 ",  27.34 ,"  19,725.00 ","  7,613.85 ",  7.61 ,9/23/2021,Sep,Q3,2022,Charlotte Martin,Paseo,France
Midmarket,CUST_ID_002,PROD_ID_002,Low,"  2,296.00 ",  10.00 ,  15.00 ,"  34,440.00 ",344.4,"  34,095.60 ",  34.10 ,"  22,960.00 ","  11,135.60 ",  11.14 ,12/16/2021,Dec,Q4,2022,Emma Johnson,Paseo,Canada
Government,CUST_ID_052,PROD_ID_002,Low,"  1,030.00 ",  10.00 ,  7.00 ,"  7,210.00 ",72.1,"  7,137.90 ",  7.14 ,"  5,150.00 ","  1,987.90 ",  1.99 ,8/12/2022,Aug,Q3,2022,Charlotte Martin,Paseo,France
Government,CUST_ID_054,PROD_ID_003,Low,  639.00 ,  120.00 ,  7.00 ,"  4,473.00 ",44.73,"  4,428.27 ",  4.43 ,"  3,195.00 ","  1,233.27 ",  1.23 ,10/31/2021,Oct,Q4,2022,Harper Wilson,Velo,Italy
Government,CUST_ID_055,PROD_ID_004,Low,"  1,326.00 ",  250.00 ,  7.00 ,"  9,282.00 ",92.82,"  9,189.18 ",  9.19 ,"  6,630.00 ","  2,559.18 ",  2.56 ,3/19/2022,Mar,Q1,2022,Henry Turner,VTT,India
Channel Partners,CUST_ID_084,PROD_ID_005,Low,"  1,858.00 ",  3.00 ,  12.00 ,"  22,296.00 ",222.96,"  22,073.04 ",  22.07 ,"  5,574.00 ","  16,499.04 ",  16.50 ,9/7/2022,Sep,Q3,2022,Emily Martin,Carretera,France
Government,CUST_ID_066,PROD_ID_005,Low,"  1,210.00 ",  3.00 ,  350.00 ,"  423,500.00 ",4235,"  419,265.00 ",  419.27 ,"  314,600.00 ","  104,665.00 ",  104.67 ,6/27/2021,Jun,Q2,2022,Harper Turner,Carretera,Canada
Government,CUST_ID_057,PROD_ID_005,Low,"  2,529.00 ",  3.00 ,  7.00 ,"  17,703.00 ",177.03,"  17,525.97 ",  17.53 ,"  12,645.00 ","  4,880.97 ",  4.88 ,8/20/2021,Aug,Q3,2022,Jackson Hill,Carretera,USA
Channel Partners,CUST_ID_036,PROD_ID_005,Low,"  1,445.00 ",  3.00 ,  12.00 ,"  17,340.00 ",173.4,"  17,166.60 ",  17.17 ,"  4,335.00 ","  12,831.60 ",  12.83 ,8/10/2021,Aug,Q3,2022,Harper Anderson,Carretera,France
Channel Partners,CUST_ID_088,PROD_ID_005,Low,"  2,671.00 ",  3.00 ,  12.00 ,"  32,052.00 ",320.52,"  31,731.48 ",  31.73 ,"  8,013.00 ","  23,718.48 ",  23.72 ,12/10/2022,Dec,Q4,2022,Charlotte Hill,Carretera,Japan
Government,CUST_ID_066,PROD_ID_005,Low,"  1,397.00 ",  3.00 ,  350.00 ,"  488,950.00 ",4889.5,"  484,060.50 ",  484.06 ,"  363,220.00 ","  120,840.50 ",  120.84 ,8/3/2021,Aug,Q3,2022,Harper Turner,Carretera,Canada
Government,CUST_ID_021,PROD_ID_005,Low,"  2,155.00 ",  3.00 ,  350.00 ,"  754,250.00 ",7542.5,"  746,707.50 ",  746.71 ,"  560,300.00 ","  186,407.50 ",  186.41 ,4/6/2021,Apr,Q2,2022,Aiden Lewis,Carretera,Germany
Midmarket,CUST_ID_112,PROD_ID_001,Low,"  2,214.00 ",  5.00 ,  15.00 ,"  33,210.00 ",332.1,"  32,877.90 ",  32.88 ,"  22,140.00 ","  10,737.90 ",  10.74 ,1/15/2021,Jan,Q1,2022,Charlotte Hill,Montana,Japan
Small Business,CUST_ID_012,PROD_ID_001,Low,"  2,301.00 ",  5.00 ,  300.00 ,"  690,300.00 ",6903,"  683,397.00 ",  683.40 ,"  575,250.00 ","  108,147.00 ",  108.15 ,11/28/2021,Nov,Q4,2022,Mia Thomas,Montana,France
Government,CUST_ID_059,PROD_ID_001,Low,"  1,375.50 ",  5.00 ,  20.00 ,"  27,510.00 ",275.1,"  27,234.90 ",  27.23 ,"  13,755.00 ","  13,479.90 ",  13.48 ,11/21/2022,Nov,Q4,2022,Aiden Martin,Montana,England
Government,CUST_ID_043,PROD_ID_001,Low,"  1,830.00 ",  5.00 ,  7.00 ,"  12,810.00 ",128.1,"  12,681.90 ",  12.68 ,"  9,150.00 ","  3,531.90 ",  3.53 ,8/7/2021,Aug,Q3,2022,Sebastian Phillips,Montana,England
Midmarket,CUST_ID_026,PROD_ID_002,Low,"  1,514.00 ",  10.00 ,  15.00 ,"  22,710.00 ",227.1,"  22,482.90 ",  22.48 ,"  15,140.00 ","  7,342.90 ",  7.34 ,9/7/2022,Sep,Q3,2022,Avery Turner,Paseo,Canada
Government,CUST_ID_027,PROD_ID_002,Low,"  4,492.50 ",  10.00 ,  7.00 ,"  31,447.50 ",314.475,"  31,133.03 ",  31.13 ,"  22,462.50 ","  8,670.53 ",  8.67 ,2/17/2021,Feb,Q1,2022,Michael Hill,Paseo,England
Enterprise,CUST_ID_115,PROD_ID_002,Low,  727.00 ,  10.00 ,  125.00 ,"  90,875.00 ",908.75,"  89,966.25 ",  89.97 ,"  87,240.00 ","  2,726.25 ",  2.73 ,3/5/2022,Mar,Q1,2022,Henry Garcia,Paseo,England
Enterprise,CUST_ID_051,PROD_ID_002,Low,  787.00 ,  10.00 ,  125.00 ,"  98,375.00 ",983.75,"  97,391.25 ",  97.39 ,"  94,440.00 ","  2,951.25 ",  2.95 ,6/24/2021,Jun,Q2,2022,Logan Phillips,Paseo,England
Enterprise,CUST_ID_024,PROD_ID_002,Low,"  1,823.00 ",  10.00 ,  125.00 ,"  227,875.00 ",2278.75,"  225,596.25 ",  225.60 ,"  218,760.00 ","  6,836.25 ",  6.84 ,11/30/2022,Nov,Q4,2022,Elizabeth Green,Paseo,Japan
Midmarket,CUST_ID_038,PROD_ID_002,Low,  747.00 ,  10.00 ,  15.00 ,"  11,205.00 ",112.05,"  11,092.95 ",  11.09 ,"  7,470.00 ","  3,622.95 ",  3.62 ,6/8/2021,Jun,Q2,2022,Amelia Wilson,Paseo,Italy
Small Business,CUST_ID_116,PROD_ID_002,Low,"  2,905.00 ",  10.00 ,  300.00 ,"  871,500.00 ",8715,"  862,785.00 ",  862.79 ,"  726,250.00 ","  136,535.00 ",  136.54 ,1/17/2022,Jan,Q1,2022,Amelia Phillips,Paseo,France
Government,CUST_ID_052,PROD_ID_002,Low,"  2,155.00 ",  10.00 ,  350.00 ,"  754,250.00 ",7542.5,"  746,707.50 ",  746.71 ,"  560,300.00 ","  186,407.50 ",  186.41 ,8/4/2022,Aug,Q3,2022,Charlotte Martin,Paseo,France
Government,CUST_ID_054,PROD_ID_003,Low,"  3,864.00 ",  120.00 ,  20.00 ,"  77,280.00 ",772.8,"  76,507.20 ",  76.51 ,"  38,640.00 ","  37,867.20 ",  37.87 ,10/13/2021,Oct,Q4,2022,Harper Wilson,Velo,Italy
Government,CUST_ID_031,PROD_ID_003,Low,  362.00 ,  120.00 ,  7.00 ,"  2,534.00 ",25.34,"  2,508.66 ",  2.51 ,"  1,810.00 ",  698.66 ,  0.70 ,11/1/2022,Nov,Q4,2022,Benjamin Lee,Velo,India
Enterprise,CUST_ID_007,PROD_ID_003,Low,  923.00 ,  120.00 ,  125.00 ,"  115,375.00 ",1153.75,"  114,221.25 ",  114.22 ,"  110,760.00 ","  3,461.25 ",  3.46 ,4/4/2022,Apr,Q2,2022,Ethan Miller,Velo,India
Government,CUST_ID_056,PROD_ID_004,Low,  263.00 ,  250.00 ,  7.00 ,"  1,841.00 ",18.41,"  1,822.59 ",  1.82 ,"  1,315.00 ",  507.59 ,  0.51 ,12/22/2022,Dec,Q4,2022,Amelia Perez,VTT,Japan
Government,CUST_ID_055,PROD_ID_004,Low,  943.50 ,  250.00 ,  350.00 ,"  330,225.00 ",3302.25,"  326,922.75 ",  326.92 ,"  245,310.00 ","  81,612.75 ",  81.61 ,9/21/2021,Sep,Q3,2022,Henry Turner,VTT,India
Enterprise,CUST_ID_117,PROD_ID_004,Low,  727.00 ,  250.00 ,  125.00 ,"  90,875.00 ",908.75,"  89,966.25 ",  89.97 ,"  87,240.00 ","  2,726.25 ",  2.73 ,4/30/2021,Apr,Q2,2022,Jackson Hill,VTT,Germany
Enterprise,CUST_ID_118,PROD_ID_004,Low,  787.00 ,  250.00 ,  125.00 ,"  98,375.00 ",983.75,"  97,391.25 ",  97.39 ,"  94,440.00 ","  2,951.25 ",  2.95 ,5/27/2021,May,Q2,2022,Abigail Martin,VTT,Italy
Small Business,CUST_ID_032,PROD_ID_004,Low,  986.00 ,  250.00 ,  300.00 ,"  295,800.00 ",2958,"  292,842.00 ",  292.84 ,"  246,500.00 ","  46,342.00 ",  46.34 ,10/9/2022,Oct,Q4,2022,Mia White,VTT,Japan
Government,CUST_ID_034,PROD_ID_004,Low,"  1,397.00 ",  250.00 ,  350.00 ,"  488,950.00 ",4889.5,"  484,060.50 ",  484.06 ,"  363,220.00 ","  120,840.50 ",  120.84 ,10/9/2022,Oct,Q4,2022,Charlotte Davis,VTT,Canada
Enterprise,CUST_ID_118,PROD_ID_004,Low,"  1,744.00 ",  250.00 ,  125.00 ,"  218,000.00 ",2180,"  215,820.00 ",  215.82 ,"  209,280.00 ","  6,540.00 ",  6.54 ,9/21/2021,Sep,Q3,2022,Abigail Martin,VTT,Italy
Enterprise,CUST_ID_094,PROD_ID_005,Low,  742.50 ,  3.00 ,  125.00 ,"  92,812.50 ",1856.25,"  90,956.25 ",  90.96 ,"  89,100.00 ","  1,856.25 ",  1.86 ,5/27/2022,May,Q2,2022,Abigail Martin,Carretera,Italy
Channel Partners,CUST_ID_036,PROD_ID_005,Low,"  1,295.00 ",  3.00 ,  12.00 ,"  15,540.00 ",310.8,"  15,229.20 ",  15.23 ,"  3,885.00 ","  11,344.20 ",  11.34 ,5/3/2021,May,Q2,2022,Harper Anderson,Carretera,France
Government,CUST_ID_042,PROD_ID_005,Low,"  2,852.00 ",  3.00 ,  350.00 ,"  998,200.00 ",19964,"  978,236.00 ",  978.24 ,"  741,520.00 ","  236,716.00 ",  236.72 ,7/20/2021,Jul,Q3,2022,Emily Garcia,Carretera,Canada
Channel Partners,CUST_ID_119,PROD_ID_001,Low,"  1,142.00 ",  5.00 ,  12.00 ,"  13,704.00 ",274.08,"  13,429.92 ",  13.43 ,"  3,426.00 ","  10,003.92 ",  10.00 ,11/10/2022,Nov,Q4,2022,Aiden Garcia,Montana,India
Government,CUST_ID_099,PROD_ID_001,Low,"  1,566.00 ",  5.00 ,  20.00 ,"  31,320.00 ",626.4,"  30,693.60 ",  30.69 ,"  15,660.00 ","  15,033.60 ",  15.03 ,7/17/2021,Jul,Q3,2022,Logan Martin,Montana,England
Channel Partners,CUST_ID_120,PROD_ID_001,Low,  690.00 ,  5.00 ,  12.00 ,"  8,280.00 ",165.6,"  8,114.40 ",  8.11 ,"  2,070.00 ","  6,044.40 ",  6.04 ,7/26/2022,Jul,Q3,2022,Emily Hill,Montana,Japan
Midmarket,CUST_ID_006,PROD_ID_002,Low,"  2,363.00 ",  10.00 ,  15.00 ,"  35,445.00 ",708.9,"  34,736.10 ",  34.74 ,"  23,630.00 ","  11,106.10 ",  11.11 ,10/24/2022,Oct,Q4,2022,Ava Davis,Paseo,Italy
Small Business,CUST_ID_121,PROD_ID_002,Low,  918.00 ,  10.00 ,  300.00 ,"  275,400.00 ",5508,"  269,892.00 ",  269.89 ,"  229,500.00 ","  40,392.00 ",  40.39 ,6/2/2021,Jun,Q2,2022,Benjamin Phillips,Paseo,USA
Small Business,CUST_ID_069,PROD_ID_002,Low,"  1,728.00 ",  10.00 ,  300.00 ,"  518,400.00 ",10368,"  508,032.00 ",  508.03 ,"  432,000.00 ","  76,032.00 ",  76.03 ,7/29/2021,Jul,Q3,2022,Jackson Hill,Paseo,Germany
Channel Partners,CUST_ID_005,PROD_ID_002,Low,"  1,142.00 ",  10.00 ,  12.00 ,"  13,704.00 ",274.08,"  13,429.92 ",  13.43 ,"  3,426.00 ","  10,003.92 ",  10.00 ,5/20/2021,May,Q2,2022,Liam Jones,Paseo,Germany
Enterprise,CUST_ID_024,PROD_ID_002,Low,  662.00 ,  10.00 ,  125.00 ,"  82,750.00 ",1655,"  81,095.00 ",  81.10 ,"  79,440.00 ","  1,655.00 ",  1.66 ,5/1/2021,May,Q2,2022,Elizabeth Green,Paseo,Japan
Channel Partners,CUST_ID_060,PROD_ID_002,Low,"  1,295.00 ",  10.00 ,  12.00 ,"  15,540.00 ",310.8,"  15,229.20 ",  15.23 ,"  3,885.00 ","  11,344.20 ",  11.34 ,2/23/2021,Feb,Q1,2022,Emily Garcia,Paseo,France
Small Business,CUST_ID_070,PROD_ID_002,Low,"  1,916.00 ",  10.00 ,  300.00 ,"  574,800.00 ",11496,"  563,304.00 ",  563.30 ,"  479,000.00 ","  84,304.00 ",  84.30 ,12/16/2021,Dec,Q4,2022,Abigail Garcia,Paseo,Italy
Government,CUST_ID_004,PROD_ID_002,Low,"  2,852.00 ",  10.00 ,  350.00 ,"  998,200.00 ",19964,"  978,236.00 ",  978.24 ,"  741,520.00 ","  236,716.00 ",  236.72 ,4/19/2021,Apr,Q2,2022,Olivia Brown,Paseo,France
Enterprise,CUST_ID_122,PROD_ID_002,Low,"  2,729.00 ",  10.00 ,  125.00 ,"  341,125.00 ",6822.5,"  334,302.50 ",  334.30 ,"  327,480.00 ","  6,822.50 ",  6.82 ,12/4/2021,Dec,Q4,2022,Mia Turner,Paseo,Canada
Channel Partners,CUST_ID_025,PROD_ID_002,Low,"  1,055.00 ",  10.00 ,  12.00 ,"  12,660.00 ",253.2,"  12,406.80 ",  12.41 ,"  3,165.00 ","  9,241.80 ",  9.24 ,2/6/2021,Feb,Q1,2022,Alexander Perez,Paseo,USA
Channel Partners,CUST_ID_071,PROD_ID_002,Low,"  1,084.00 ",  10.00 ,  12.00 ,"  13,008.00 ",260.16,"  12,747.84 ",  12.75 ,"  3,252.00 ","  9,495.84 ",  9.50 ,4/19/2022,Apr,Q2,2022,Aiden Perez,Paseo,India
Government,CUST_ID_041,PROD_ID_003,Low,"  1,566.00 ",  120.00 ,  20.00 ,"  31,320.00 ",626.4,"  30,693.60 ",  30.69 ,"  15,660.00 ","  15,033.60 ",  15.03 ,8/28/2022,Aug,Q3,2022,Aiden Clark,Velo,USA
Government,CUST_ID_028,PROD_ID_003,Low,"  2,877.00 ",  120.00 ,  350.00 ,"  1,006,950.00 ",20139,"  986,811.00 ",  986.81 ,"  748,020.00 ","  238,791.00 ",  238.79 ,9/17/2022,Sep,Q3,2022,Sofia Phillips,Velo,France
Channel Partners,CUST_ID_123,PROD_ID_003,Low,"  1,055.00 ",  120.00 ,  12.00 ,"  12,660.00 ",253.2,"  12,406.80 ",  12.41 ,"  3,165.00 ","  9,241.80 ",  9.24 ,12/14/2021,Dec,Q4,2022,Logan Martin,Velo,England
Channel Partners,CUST_ID_124,PROD_ID_003,Low,"  1,084.00 ",  120.00 ,  12.00 ,"  13,008.00 ",260.16,"  12,747.84 ",  12.75 ,"  3,252.00 ","  9,495.84 ",  9.50 ,4/9/2022,Apr,Q2,2022,Charlotte Garcia,Velo,France
Enterprise,CUST_ID_125,PROD_ID_004,Low,  662.00 ,  250.00 ,  125.00 ,"  82,750.00 ",1655,"  81,095.00 ",  81.10 ,"  79,440.00 ","  1,655.00 ",  1.66 ,12/6/2022,Dec,Q4,2022,Samuel Hill,VTT,Germany
Government,CUST_ID_056,PROD_ID_004,Low,"  2,877.00 ",  250.00 ,  350.00 ,"  1,006,950.00 ",20139,"  986,811.00 ",  986.81 ,"  748,020.00 ","  238,791.00 ",  238.79 ,11/16/2022,Nov,Q4,2022,Amelia Perez,VTT,Japan
Enterprise,CUST_ID_105,PROD_ID_004,Low,"  2,729.00 ",  250.00 ,  125.00 ,"  341,125.00 ",6822.5,"  334,302.50 ",  334.30 ,"  327,480.00 ","  6,822.50 ",  6.82 ,12/13/2022,Dec,Q4,2022,Jackson Turner,VTT,USA
Small Business,CUST_ID_126,PROD_ID_006,Low,  259.00 ,  260.00 ,  300.00 ,"  77,700.00 ",1554,"  76,146.00 ",  76.15 ,"  64,750.00 ","  11,396.00 ",  11.40 ,2/26/2022,Feb,Q1,2022,Harper Phillips,Amarilla,Italy
Small Business,CUST_ID_127,PROD_ID_006,Low,"  1,101.00 ",  260.00 ,  300.00 ,"  330,300.00 ",6606,"  323,694.00 ",  323.69 ,"  275,250.00 ","  48,444.00 ",  48.44 ,9/25/2022,Sep,Q3,2022,Henry Martin,Amarilla,India
Enterprise,CUST_ID_073,PROD_ID_006,Low,"  2,276.00 ",  260.00 ,  125.00 ,"  284,500.00 ",5690,"  278,810.00 ",  278.81 ,"  273,120.00 ","  5,690.00 ",  5.69 ,9/23/2022,Sep,Q3,2022,Benjamin Phillips,Amarilla,USA
Government,CUST_ID_064,PROD_ID_006,Low,"  1,236.00 ",  260.00 ,  20.00 ,"  24,720.00 ",494.4,"  24,225.60 ",  24.23 ,"  12,360.00 ","  11,865.60 ",  11.87 ,2/3/2021,Feb,Q1,2022,Charlotte Anderson,Amarilla,Japan
Government,CUST_ID_065,PROD_ID_006,Low,  941.00 ,  260.00 ,  20.00 ,"  18,820.00 ",376.4,"  18,443.60 ",  18.44 ,"  9,410.00 ","  9,033.60 ",  9.03 ,11/19/2022,Nov,Q4,2022,Samuel Wilson,Amarilla,USA
Small Business,CUST_ID_128,PROD_ID_006,Low,"  1,916.00 ",  260.00 ,  300.00 ,"  574,800.00 ",11496,"  563,304.00 ",  563.30 ,"  479,000.00 ","  84,304.00 ",  84.30 ,5/30/2022,May,Q2,2022,Amelia Hill,Amarilla,Japan
Enterprise,CUST_ID_085,PROD_ID_005,Low,"  4,243.50 ",  3.00 ,  125.00 ,"  530,437.50 ",15913.125,"  514,524.38 ",  514.52 ,"  509,220.00 ","  5,304.38 ",  5.30 ,4/28/2021,Apr,Q2,2022,Benjamin Garcia,Carretera,Germany
Government,CUST_ID_048,PROD_ID_005,Low,"  2,580.00 ",  3.00 ,  20.00 ,"  51,600.00 ",1548,"  50,052.00 ",  50.05 ,"  25,800.00 ","  24,252.00 ",  24.25 ,4/9/2022,Apr,Q2,2022,Sofia Turner,Carretera,Japan
Small Business,CUST_ID_020,PROD_ID_005,Low,  689.00 ,  3.00 ,  300.00 ,"  206,700.00 ",6201,"  200,499.00 ",  200.50 ,"  172,250.00 ","  28,249.00 ",  28.25 ,10/23/2022,Oct,Q4,2022,Abigail Robinson,Carretera,France
Channel Partners,CUST_ID_084,PROD_ID_005,Low,"  1,947.00 ",  3.00 ,  12.00 ,"  23,364.00 ",700.92,"  22,663.08 ",  22.66 ,"  5,841.00 ","  16,822.08 ",  16.82 ,4/23/2022,Apr,Q2,2022,Emily Martin,Carretera,France
Government,CUST_ID_037,PROD_ID_001,Low,"  1,958.00 ",  5.00 ,  7.00 ,"  13,706.00 ",411.18,"  13,294.82 ",  13.29 ,"  9,790.00 ","  3,504.82 ",  3.50 ,5/26/2022,May,Q2,2022,Henry Martinez,Montana,Germany
Channel Partners,CUST_ID_129,PROD_ID_001,Low,"  1,901.00 ",  5.00 ,  12.00 ,"  22,812.00 ",684.36,"  22,127.64 ",  22.13 ,"  5,703.00 ","  16,424.64 ",  16.42 ,3/13/2022,Mar,Q1,2022,Jackson Turner,Montana,USA
Government,CUST_ID_059,PROD_ID_001,Low,  544.00 ,  5.00 ,  7.00 ,"  3,808.00 ",114.24,"  3,693.76 ",  3.69 ,"  2,720.00 ",  973.76 ,  0.97 ,7/23/2021,Jul,Q3,2022,Aiden Martin,Montana,England
Enterprise,CUST_ID_079,PROD_ID_001,Low,"  1,287.00 ",  5.00 ,  125.00 ,"  160,875.00 ",4826.25,"  156,048.75 ",  156.05 ,"  154,440.00 ","  1,608.75 ",  1.61 ,9/27/2021,Sep,Q3,2022,Henry Turner,Montana,India
Enterprise,CUST_ID_068,PROD_ID_001,Low,"  1,706.00 ",  5.00 ,  125.00 ,"  213,250.00 ",6397.5,"  206,852.50 ",  206.85 ,"  204,720.00 ","  2,132.50 ",  2.13 ,5/15/2021,May,Q2,2022,Amelia Martin,Montana,France
Small Business,CUST_ID_121,PROD_ID_002,Low,"  2,434.50 ",  10.00 ,  300.00 ,"  730,350.00 ",21910.5,"  708,439.50 ",  708.44 ,"  608,625.00 ","  99,814.50 ",  99.81 ,5/25/2022,May,Q2,2022,Benjamin Phillips,Paseo,USA
Enterprise,CUST_ID_122,PROD_ID_002,Low,"  1,774.00 ",  10.00 ,  125.00 ,"  221,750.00 ",6652.5,"  215,097.50 ",  215.10 ,"  212,880.00 ","  2,217.50 ",  2.22 ,10/3/2022,Oct,Q4,2022,Mia Turner,Paseo,Canada
Channel Partners,CUST_ID_025,PROD_ID_002,Low,"  1,901.00 ",  10.00 ,  12.00 ,"  22,812.00 ",684.36,"  22,127.64 ",  22.13 ,"  5,703.00 ","  16,424.64 ",  16.42 ,1/14/2021,Jan,Q1,2022,Alexander Perez,Paseo,USA
Small Business,CUST_ID_069,PROD_ID_002,Low,  689.00 ,  10.00 ,  300.00 ,"  206,700.00 ",6201,"  200,499.00 ",  200.50 ,"  172,250.00 ","  28,249.00 ",  28.25 ,12/14/2021,Dec,Q4,2022,Jackson Hill,Paseo,Germany
Enterprise,CUST_ID_023,PROD_ID_002,Low,"  1,570.00 ",  10.00 ,  125.00 ,"  196,250.00 ",5887.5,"  190,362.50 ",  190.36 ,"  188,400.00 ","  1,962.50 ",  1.96 ,6/14/2022,Jun,Q2,2022,Sebastian Lee,Paseo,India
Channel Partners,CUST_ID_005,PROD_ID_002,Low,"  1,369.50 ",  10.00 ,  12.00 ,"  16,434.00 ",493.02,"  15,940.98 ",  15.94 ,"  4,108.50 ","  11,832.48 ",  11.83 ,6/6/2021,Jun,Q2,2022,Liam Jones,Paseo,Germany
Enterprise,CUST_ID_122,PROD_ID_002,Low,"  2,009.00 ",  10.00 ,  125.00 ,"  251,125.00 ",7533.75,"  243,591.25 ",  243.59 ,"  241,080.00 ","  2,511.25 ",  2.51 ,1/7/2021,Jan,Q1,2022,Mia Turner,Paseo,Canada
Enterprise,CUST_ID_051,PROD_ID_002,Low,"  1,287.00 ",  10.00 ,  125.00 ,"  160,875.00 ",4826.25,"  156,048.75 ",  156.05 ,"  154,440.00 ","  1,608.75 ",  1.61 ,5/31/2021,May,Q2,2022,Logan Phillips,Paseo,England
Enterprise,CUST_ID_023,PROD_ID_002,Low,"  1,706.00 ",  10.00 ,  125.00 ,"  213,250.00 ",6397.5,"  206,852.50 ",  206.85 ,"  204,720.00 ","  2,132.50 ",  2.13 ,7/17/2022,Jul,Q3,2022,Sebastian Lee,Paseo,India
Enterprise,CUST_ID_007,PROD_ID_003,Low,"  2,009.00 ",  120.00 ,  125.00 ,"  251,125.00 ",7533.75,"  243,591.25 ",  243.59 ,"  241,080.00 ","  2,511.25 ",  2.51 ,2/11/2022,Feb,Q1,2022,Ethan Miller,Velo,India
Small Business,CUST_ID_075,PROD_ID_004,Low,"  2,844.00 ",  250.00 ,  300.00 ,"  853,200.00 ",25596,"  827,604.00 ",  827.60 ,"  711,000.00 ","  116,604.00 ",  116.60 ,4/24/2022,Apr,Q2,2022,Logan Martin,VTT,England
Channel Partners,CUST_ID_089,PROD_ID_004,Low,"  1,916.00 ",  250.00 ,  12.00 ,"  22,992.00 ",689.76,"  22,302.24 ",  22.30 ,"  5,748.00 ","  16,554.24 ",  16.55 ,9/23/2021,Sep,Q3,2022,Samuel Turner,VTT,USA
Enterprise,CUST_ID_130,PROD_ID_004,Low,"  1,570.00 ",  250.00 ,  125.00 ,"  196,250.00 ",5887.5,"  190,362.50 ",  190.36 ,"  188,400.00 ","  1,962.50 ",  1.96 ,3/8/2021,Mar,Q1,2022,Abigail Phillips,VTT,Canada
Small Business,CUST_ID_063,PROD_ID_004,Low,"  1,874.00 ",  250.00 ,  300.00 ,"  562,200.00 ",16866,"  545,334.00 ",  545.33 ,"  468,500.00 ","  76,834.00 ",  76.83 ,4/11/2021,Apr,Q2,2022,Logan Clark,VTT,India
Government,CUST_ID_034,PROD_ID_004,Low,"  1,642.00 ",  250.00 ,  350.00 ,"  574,700.00 ",17241,"  557,459.00 ",  557.46 ,"  426,920.00 ","  130,539.00 ",  130.54 ,12/21/2021,Dec,Q4,2022,Charlotte Davis,VTT,Canada
Government,CUST_ID_042,PROD_ID_005,Low,  831.00 ,  3.00 ,  20.00 ,"  16,620.00 ",498.6,"  16,121.40 ",  16.12 ,"  8,310.00 ","  7,811.40 ",  7.81 ,12/20/2021,Dec,Q4,2022,Emily Garcia,Carretera,Canada
Government,CUST_ID_016,PROD_ID_003,Low,"  3,850.50 ",  120.00 ,  20.00 ,"  77,010.00 ",2310.3,"  74,699.70 ",  74.70 ,"  38,505.00 ","  36,194.70 ",  36.19 ,12/2/2021,Dec,Q4,2022,Harper Davis,Velo,Japan
Channel Partners,CUST_ID_067,PROD_ID_004,Low,"  2,479.00 ",  250.00 ,  12.00 ,"  29,748.00 ",892.44,"  28,855.56 ",  28.86 ,"  7,437.00 ","  21,418.56 ",  21.42 ,12/14/2022,Dec,Q4,2022,Henry Phillips,VTT,England
Midmarket,CUST_ID_112,PROD_ID_001,Low,"  2,031.00 ",  5.00 ,  15.00 ,"  30,465.00 ",1218.6,"  29,246.40 ",  29.25 ,"  20,310.00 ","  8,936.40 ",  8.94 ,4/21/2022,Apr,Q2,2022,Charlotte Hill,Montana,Japan
Midmarket,CUST_ID_044,PROD_ID_002,Low,"  2,031.00 ",  10.00 ,  15.00 ,"  30,465.00 ",1218.6,"  29,246.40 ",  29.25 ,"  20,310.00 ","  8,936.40 ",  8.94 ,12/23/2022,Dec,Q4,2022,Elizabeth Martin,Paseo,France
Small Business,CUST_ID_020,PROD_ID_005,Low,"  2,021.00 ",  3.00 ,  300.00 ,"  606,300.00 ",24252,"  582,048.00 ",  582.05 ,"  505,250.00 ","  76,798.00 ",  76.80 ,9/6/2021,Sep,Q3,2022,Abigail Robinson,Carretera,France
Government,CUST_ID_057,PROD_ID_005,Low,  274.00 ,  3.00 ,  350.00 ,"  95,900.00 ",3836,"  92,064.00 ",  92.06 ,"  71,240.00 ","  20,824.00 ",  20.82 ,6/9/2022,Jun,Q2,2022,Jackson Hill,Carretera,USA
Midmarket,CUST_ID_131,PROD_ID_001,Low,"  1,967.00 ",  5.00 ,  15.00 ,"  29,505.00 ",1180.2,"  28,324.80 ",  28.32 ,"  19,670.00 ","  8,654.80 ",  8.65 ,11/28/2022,Nov,Q4,2022,Aiden Hill,Montana,England
Small Business,CUST_ID_080,PROD_ID_001,Low,"  1,859.00 ",  5.00 ,  300.00 ,"  557,700.00 ",22308,"  535,392.00 ",  535.39 ,"  464,750.00 ","  70,642.00 ",  70.64 ,5/20/2022,May,Q2,2022,Amelia Martin,Montana,Japan
Small Business,CUST_ID_080,PROD_ID_001,Low,"  2,021.00 ",  5.00 ,  300.00 ,"  606,300.00 ",24252,"  582,048.00 ",  582.05 ,"  505,250.00 ","  76,798.00 ",  76.80 ,6/6/2022,Jun,Q2,2022,Amelia Martin,Montana,Japan
Enterprise,CUST_ID_022,PROD_ID_001,Low,"  1,138.00 ",  5.00 ,  125.00 ,"  142,250.00 ",5690,"  136,560.00 ",  136.56 ,"  136,560.00 ",  -   ,  -   ,11/4/2022,Nov,Q4,2022,Emily Clark,Montana,Italy
Government,CUST_ID_004,PROD_ID_002,Low,"  4,251.00 ",  10.00 ,  7.00 ,"  29,757.00 ",1190.28,"  28,566.72 ",  28.57 ,"  21,255.00 ","  7,311.72 ",  7.31 ,5/5/2021,May,Q2,2022,Olivia Brown,Paseo,France
Enterprise,CUST_ID_023,PROD_ID_002,Low,  795.00 ,  10.00 ,  125.00 ,"  99,375.00 ",3975,"  95,400.00 ",  95.40 ,"  95,400.00 ",  -   ,  -   ,11/9/2022,Nov,Q4,2022,Sebastian Lee,Paseo,India
Small Business,CUST_ID_069,PROD_ID_002,Low,"  1,414.50 ",  10.00 ,  300.00 ,"  424,350.00 ",16974,"  407,376.00 ",  407.38 ,"  353,625.00 ","  53,751.00 ",  53.75 ,2/24/2021,Feb,Q1,2022,Jackson Hill,Paseo,Germany
Small Business,CUST_ID_116,PROD_ID_002,Low,"  2,918.00 ",  10.00 ,  300.00 ,"  875,400.00 ",35016,"  840,384.00 ",  840.38 ,"  729,500.00 ","  110,884.00 ",  110.88 ,8/31/2021,Aug,Q3,2022,Amelia Phillips,Paseo,France
Government,CUST_ID_027,PROD_ID_002,Low,"  3,450.00 ",  10.00 ,  350.00 ,"  1,207,500.00 ",48300,"  1,159,200.00 ","  1,159.20 ","  897,000.00 ","  262,200.00 ",  262.20 ,7/27/2022,Jul,Q3,2022,Michael Hill,Paseo,England
Enterprise,CUST_ID_051,PROD_ID_002,Low,"  2,988.00 ",  10.00 ,  125.00 ,"  373,500.00 ",14940,"  358,560.00 ",  358.56 ,"  358,560.00 ",  -   ,  -   ,1/29/2022,Jan,Q1,2022,Logan Phillips,Paseo,England
Midmarket,CUST_ID_006,PROD_ID_002,Low,  218.00 ,  10.00 ,  15.00 ,"  3,270.00 ",130.8,"  3,139.20 ",  3.14 ,"  2,180.00 ",  959.20 ,  0.96 ,4/5/2022,Apr,Q2,2022,Ava Davis,Paseo,Italy
Government,CUST_ID_004,PROD_ID_002,Low,"  2,074.00 ",  10.00 ,  20.00 ,"  41,480.00 ",1659.2,"  39,820.80 ",  39.82 ,"  20,740.00 ","  19,080.80 ",  19.08 ,12/30/2022,Dec,Q4,2022,Olivia Brown,Paseo,France
Government,CUST_ID_027,PROD_ID_002,Low,"  1,056.00 ",  10.00 ,  20.00 ,"  21,120.00 ",844.8,"  20,275.20 ",  20.28 ,"  10,560.00 ","  9,715.20 ",  9.72 ,3/16/2022,Mar,Q1,2022,Michael Hill,Paseo,England
Government,CUST_ID_027,PROD_ID_002,Low,  274.00 ,  10.00 ,  350.00 ,"  95,900.00 ",3836,"  92,064.00 ",  92.06 ,"  71,240.00 ","  20,824.00 ",  20.82 ,11/16/2021,Nov,Q4,2022,Michael Hill,Paseo,England
Enterprise,CUST_ID_024,PROD_ID_002,Low,"  1,138.00 ",  10.00 ,  125.00 ,"  142,250.00 ",5690,"  136,560.00 ",  136.56 ,"  136,560.00 ",  -   ,  -   ,2/19/2021,Feb,Q1,2022,Elizabeth Green,Paseo,Japan
Channel Partners,CUST_ID_132,PROD_ID_003,Low,"  1,465.00 ",  120.00 ,  12.00 ,"  17,580.00 ",703.2,"  16,876.80 ",  16.88 ,"  4,395.00 ","  12,481.80 ",  12.48 ,12/26/2022,Dec,Q4,2022,Emily Martin,Velo,France
Government,CUST_ID_054,PROD_ID_003,Low,"  2,177.00 ",  120.00 ,  350.00 ,"  761,950.00 ",30478,"  731,472.00 ",  731.47 ,"  566,020.00 ","  165,452.00 ",  165.45 ,5/18/2022,May,Q2,2022,Harper Wilson,Velo,Italy
Channel Partners,CUST_ID_081,PROD_ID_004,Low,  866.00 ,  250.00 ,  12.00 ,"  10,392.00 ",415.68,"  9,976.32 ",  9.98 ,"  2,598.00 ","  7,378.32 ",  7.38 ,6/30/2021,Jun,Q2,2022,Jackson Lewis,VTT,USA
Government,CUST_ID_008,PROD_ID_004,Low,"  2,177.00 ",  250.00 ,  350.00 ,"  761,950.00 ",30478,"  731,472.00 ",  731.47 ,"  566,020.00 ","  165,452.00 ",  165.45 ,3/2/2021,Mar,Q1,2022,Isabella Wilson,VTT,Japan
Government,CUST_ID_093,PROD_ID_006,Low,"  1,865.00 ",  260.00 ,  350.00 ,"  652,750.00 ",26110,"  626,640.00 ",  626.64 ,"  484,900.00 ","  141,740.00 ",  141.74 ,1/10/2021,Jan,Q1,2022,Jackson Hill,Amarilla,Germany
Enterprise,CUST_ID_092,PROD_ID_006,Low,"  1,074.00 ",  260.00 ,  125.00 ,"  134,250.00 ",5370,"  128,880.00 ",  128.88 ,"  128,880.00 ",  -   ,  -   ,5/13/2022,May,Q2,2022,Amelia Phillips,Amarilla,France
Government,CUST_ID_035,PROD_ID_006,Low,"  1,907.00 ",  260.00 ,  350.00 ,"  667,450.00 ",26698,"  640,752.00 ",  640.75 ,"  495,820.00 ","  144,932.00 ",  144.93 ,12/10/2021,Dec,Q4,2022,Samuel Johnson,Amarilla,England
Government,CUST_ID_072,PROD_ID_002,Medium,"  1,372.00 ",  10.00 ,  7.00 ,"  9,604.00 ",480.2,"  9,123.80 ",  9.12 ,"  6,860.00 ","  2,263.80 ",  2.26 ,4/7/2022,Apr,Q2,2022,Emily Hill,Paseo,Japan
Government,CUST_ID_040,PROD_ID_002,Medium,"  2,689.00 ",  10.00 ,  7.00 ,"  18,823.00 ",941.15,"  17,881.85 ",  17.88 ,"  13,445.00 ","  4,436.85 ",  4.44 ,2/3/2022,Feb,Q1,2022,Abigail Lewis,Paseo,Japan
Channel Partners,CUST_ID_060,PROD_ID_002,Medium,"  2,431.00 ",  10.00 ,  12.00 ,"  29,172.00 ",1458.6,"  27,713.40 ",  27.71 ,"  7,293.00 ","  20,420.40 ",  20.42 ,12/10/2022,Dec,Q4,2022,Emily Garcia,Paseo,France
Channel Partners,CUST_ID_133,PROD_ID_003,Medium,"  2,431.00 ",  120.00 ,  12.00 ,"  29,172.00 ",1458.6,"  27,713.40 ",  27.71 ,"  7,293.00 ","  20,420.40 ",  20.42 ,11/8/2022,Nov,Q4,2022,Benjamin Garcia,Velo,Germany
Government,CUST_ID_034,PROD_ID_004,Medium,"  2,689.00 ",  250.00 ,  7.00 ,"  18,823.00 ",941.15,"  17,881.85 ",  17.88 ,"  13,445.00 ","  4,436.85 ",  4.44 ,7/14/2021,Jul,Q3,2022,Charlotte Davis,VTT,Canada
Government,CUST_ID_093,PROD_ID_006,Medium,"  1,683.00 ",  260.00 ,  7.00 ,"  11,781.00 ",589.05,"  11,191.95 ",  11.19 ,"  8,415.00 ","  2,776.95 ",  2.78 ,1/16/2022,Jan,Q1,2022,Jackson Hill,Amarilla,Germany
Channel Partners,CUST_ID_076,PROD_ID_006,Medium,"  1,123.00 ",  260.00 ,  12.00 ,"  13,476.00 ",673.8,"  12,802.20 ",  12.80 ,"  3,369.00 ","  9,433.20 ",  9.43 ,1/1/2022,Jan,Q1,2022,Charlotte Garcia,Amarilla,France
Channel Partners,CUST_ID_088,PROD_ID_005,Medium,"  1,865.00 ",  3.00 ,  12.00 ,"  22,380.00 ",1119,"  21,261.00 ",  21.26 ,"  5,595.00 ","  15,666.00 ",  15.67 ,1/13/2022,Jan,Q1,2022,Charlotte Hill,Carretera,Japan
Channel Partners,CUST_ID_010,PROD_ID_005,Medium,"  1,116.00 ",  3.00 ,  12.00 ,"  13,392.00 ",669.6,"  12,722.40 ",  12.72 ,"  3,348.00 ","  9,374.40 ",  9.37 ,5/29/2021,May,Q2,2022,Sophia Anderson,Carretera,Canada
Government,CUST_ID_021,PROD_ID_005,Medium,"  1,563.00 ",  3.00 ,  20.00 ,"  31,260.00 ",1563,"  29,697.00 ",  29.70 ,"  15,630.00 ","  14,067.00 ",  14.07 ,8/9/2021,Aug,Q3,2022,Aiden Lewis,Carretera,Germany
Small Business,CUST_ID_134,PROD_ID_005,Medium,  991.00 ,  3.00 ,  300.00 ,"  297,300.00 ",14865,"  282,435.00 ",  282.44 ,"  247,750.00 ","  34,685.00 ",  34.69 ,12/23/2022,Dec,Q4,2022,Mia Hill,Carretera,Italy
Midmarket,CUST_ID_108,PROD_ID_005,Medium,"  2,791.00 ",  3.00 ,  15.00 ,"  41,865.00 ",2093.25,"  39,771.75 ",  39.77 ,"  27,910.00 ","  11,861.75 ",  11.86 ,9/6/2021,Sep,Q3,2022,Emily Martin,Carretera,France
Government,CUST_ID_057,PROD_ID_005,Medium,  570.00 ,  3.00 ,  7.00 ,"  3,990.00 ",199.5,"  3,790.50 ",  3.79 ,"  2,850.00 ",  940.50 ,  0.94 ,4/5/2021,Apr,Q2,2022,Jackson Hill,Carretera,USA
Government,CUST_ID_021,PROD_ID_005,Medium,"  2,487.00 ",  3.00 ,  7.00 ,"  17,409.00 ",870.45,"  16,538.55 ",  16.54 ,"  12,435.00 ","  4,103.55 ",  4.10 ,8/8/2022,Aug,Q3,2022,Aiden Lewis,Carretera,Germany
Government,CUST_ID_059,PROD_ID_001,Medium,"  1,384.50 ",  5.00 ,  350.00 ,"  484,575.00 ",24228.75,"  460,346.25 ",  460.35 ,"  359,970.00 ","  100,376.25 ",  100.38 ,6/24/2021,Jun,Q2,2022,Aiden Martin,Montana,England
Enterprise,CUST_ID_013,PROD_ID_001,Medium,"  3,627.00 ",  5.00 ,  125.00 ,"  453,375.00 ",22668.75,"  430,706.25 ",  430.71 ,"  435,240.00 ","  -4,533.75 ",  -4.53 ,6/6/2021,Jun,Q2,2022,Logan Jackson,Montana,Germany
Channel Partners,CUST_ID_111,PROD_ID_001,Medium,"  2,342.00 ",  5.00 ,  12.00 ,"  28,104.00 ",1405.2,"  26,698.80 ",  26.70 ,"  7,026.00 ","  19,672.80 ",  19.67 ,8/24/2021,Aug,Q3,2022,Logan Phillips,Montana,India
Government,CUST_ID_052,PROD_ID_002,Medium,"  1,303.00 ",  10.00 ,  20.00 ,"  26,060.00 ",1303,"  24,757.00 ",  24.76 ,"  13,030.00 ","  11,727.00 ",  11.73 ,11/23/2022,Nov,Q4,2022,Charlotte Martin,Paseo,France
Enterprise,CUST_ID_115,PROD_ID_002,Medium,"  2,992.00 ",  10.00 ,  125.00 ,"  374,000.00 ",18700,"  355,300.00 ",  355.30 ,"  359,040.00 ","  -3,740.00 ",  -3.74 ,5/16/2022,May,Q2,2022,Henry Garcia,Paseo,England
Enterprise,CUST_ID_051,PROD_ID_002,Medium,"  2,385.00 ",  10.00 ,  125.00 ,"  298,125.00 ",14906.25,"  283,218.75 ",  283.22 ,"  286,200.00 ","  -2,981.25 ",  -2.98 ,1/13/2021,Jan,Q1,2022,Logan Phillips,Paseo,England
Small Business,CUST_ID_003,PROD_ID_002,Medium,"  1,607.00 ",  10.00 ,  300.00 ,"  482,100.00 ",24105,"  457,995.00 ",  458.00 ,"  401,750.00 ","  56,245.00 ",  56.25 ,3/3/2021,Mar,Q1,2022,Noah Williams,Paseo,England
Government,CUST_ID_027,PROD_ID_002,Medium,"  2,327.00 ",  10.00 ,  7.00 ,"  16,289.00 ",814.45,"  15,474.55 ",  15.47 ,"  11,635.00 ","  3,839.55 ",  3.84 ,3/25/2022,Mar,Q1,2022,Michael Hill,Paseo,England
Small Business,CUST_ID_116,PROD_ID_002,Medium,  991.00 ,  10.00 ,  300.00 ,"  297,300.00 ",14865,"  282,435.00 ",  282.44 ,"  247,750.00 ","  34,685.00 ",  34.69 ,10/7/2021,Oct,Q4,2022,Amelia Phillips,Paseo,France
Government,CUST_ID_027,PROD_ID_002,Medium,  602.00 ,  10.00 ,  350.00 ,"  210,700.00 ",10535,"  200,165.00 ",  200.17 ,"  156,520.00 ","  43,645.00 ",  43.65 ,11/21/2022,Nov,Q4,2022,Michael Hill,Paseo,England
Midmarket,CUST_ID_002,PROD_ID_002,Medium,"  2,620.00 ",  10.00 ,  15.00 ,"  39,300.00 ",1965,"  37,335.00 ",  37.34 ,"  26,200.00 ","  11,135.00 ",  11.14 ,1/31/2021,Jan,Q1,2022,Emma Johnson,Paseo,Canada
Enterprise,CUST_ID_115,PROD_ID_002,Medium,  861.00 ,  10.00 ,  125.00 ,"  107,625.00 ",5381.25,"  102,243.75 ",  102.24 ,"  103,320.00 ","  -1,076.25 ",  -1.08 ,7/17/2021,Jul,Q3,2022,Henry Garcia,Paseo,England
Government,CUST_ID_027,PROD_ID_002,Medium,"  2,663.00 ",  10.00 ,  20.00 ,"  53,260.00 ",2663,"  50,597.00 ",  50.60 ,"  26,630.00 ","  23,967.00 ",  23.97 ,1/20/2021,Jan,Q1,2022,Michael Hill,Paseo,England
Midmarket,CUST_ID_135,PROD_ID_003,Medium,  555.00 ,  120.00 ,  15.00 ,"  8,325.00 ",416.25,"  7,908.75 ",  7.91 ,"  5,550.00 ","  2,358.75 ",  2.36 ,10/3/2021,Oct,Q4,2022,Logan Phillips,Velo,India
Midmarket,CUST_ID_091,PROD_ID_003,Medium,"  2,861.00 ",  120.00 ,  15.00 ,"  42,915.00 ",2145.75,"  40,769.25 ",  40.77 ,"  28,610.00 ","  12,159.25 ",  12.16 ,7/20/2022,Jul,Q3,2022,Henry Garcia,Velo,England
Enterprise,CUST_ID_029,PROD_ID_003,Medium,  807.00 ,  120.00 ,  125.00 ,"  100,875.00 ",5043.75,"  95,831.25 ",  95.83 ,"  96,840.00 ","  -1,008.75 ",  -1.01 ,10/7/2022,Oct,Q4,2022,Elijah Martin,Velo,Germany
Government,CUST_ID_041,PROD_ID_003,Medium,  602.00 ,  120.00 ,  350.00 ,"  210,700.00 ",10535,"  200,165.00 ",  200.17 ,"  156,520.00 ","  43,645.00 ",  43.65 ,1/23/2022,Jan,Q1,2022,Aiden Clark,Velo,USA
Government,CUST_ID_041,PROD_ID_003,Medium,"  2,832.00 ",  120.00 ,  20.00 ,"  56,640.00 ",2832,"  53,808.00 ",  53.81 ,"  28,320.00 ","  25,488.00 ",  25.49 ,12/10/2021,Dec,Q4,2022,Aiden Clark,Velo,USA
Government,CUST_ID_054,PROD_ID_003,Medium,"  1,579.00 ",  120.00 ,  20.00 ,"  31,580.00 ",1579,"  30,001.00 ",  30.00 ,"  15,790.00 ","  14,211.00 ",  14.21 ,11/13/2022,Nov,Q4,2022,Harper Wilson,Velo,Italy
Enterprise,CUST_ID_015,PROD_ID_003,Medium,  861.00 ,  120.00 ,  125.00 ,"  107,625.00 ",5381.25,"  102,243.75 ",  102.24 ,"  103,320.00 ","  -1,076.25 ",  -1.08 ,4/27/2022,Apr,Q2,2022,Samuel Taylor,Velo,India
Small Business,CUST_ID_102,PROD_ID_003,Medium,"  1,250.00 ",  120.00 ,  300.00 ,"  375,000.00 ",18750,"  356,250.00 ",  356.25 ,"  312,500.00 ","  43,750.00 ",  43.75 ,5/25/2022,May,Q2,2022,Harper Phillips,Velo,Italy
Government,CUST_ID_033,PROD_ID_004,Medium,"  2,663.00 ",  250.00 ,  20.00 ,"  53,260.00 ",2663,"  50,597.00 ",  50.60 ,"  26,630.00 ","  23,967.00 ",  23.97 ,8/16/2022,Aug,Q3,2022,Logan Garcia,VTT,USA
Government,CUST_ID_033,PROD_ID_004,Medium,  570.00 ,  250.00 ,  7.00 ,"  3,990.00 ",199.5,"  3,790.50 ",  3.79 ,"  2,850.00 ",  940.50 ,  0.94 ,10/24/2022,Oct,Q4,2022,Logan Garcia,VTT,USA
Government,CUST_ID_008,PROD_ID_004,Medium,"  2,487.00 ",  250.00 ,  7.00 ,"  17,409.00 ",870.45,"  16,538.55 ",  16.54 ,"  12,435.00 ","  4,103.55 ",  4.10 ,3/27/2022,Mar,Q1,2022,Isabella Wilson,VTT,Japan
Government,CUST_ID_035,PROD_ID_006,Medium,"  1,350.00 ",  260.00 ,  350.00 ,"  472,500.00 ",23625,"  448,875.00 ",  448.88 ,"  351,000.00 ","  97,875.00 ",  97.88 ,12/18/2022,Dec,Q4,2022,Samuel Johnson,Amarilla,England
Government,CUST_ID_047,PROD_ID_006,Medium,  552.00 ,  260.00 ,  350.00 ,"  193,200.00 ",9660,"  183,540.00 ",  183.54 ,"  143,520.00 ","  40,020.00 ",  40.02 ,8/29/2021,Aug,Q3,2022,Michael Wilson,Amarilla,India
Small Business,CUST_ID_126,PROD_ID_006,Medium,"  1,250.00 ",  260.00 ,  300.00 ,"  375,000.00 ",18750,"  356,250.00 ",  356.25 ,"  312,500.00 ","  43,750.00 ",  43.75 ,8/15/2022,Aug,Q3,2022,Harper Phillips,Amarilla,Italy
Midmarket,CUST_ID_002,PROD_ID_002,Medium,"  3,801.00 ",  10.00 ,  15.00 ,"  57,015.00 ",3420.9,"  53,594.10 ",  53.59 ,"  38,010.00 ","  15,584.10 ",  15.58 ,3/19/2022,Mar,Q1,2022,Emma Johnson,Paseo,Canada
Government,CUST_ID_057,PROD_ID_005,Medium,"  1,117.50 ",  3.00 ,  20.00 ,"  22,350.00 ",1341,"  21,009.00 ",  21.01 ,"  11,175.00 ","  9,834.00 ",  9.83 ,6/12/2021,Jun,Q2,2022,Jackson Hill,Carretera,USA
Midmarket,CUST_ID_090,PROD_ID_005,Medium,"  2,844.00 ",  3.00 ,  15.00 ,"  42,660.00 ",2559.6,"  40,100.40 ",  40.10 ,"  28,440.00 ","  11,660.40 ",  11.66 ,7/27/2021,Jul,Q3,2022,Harper Martin,Carretera,Canada
Channel Partners,CUST_ID_077,PROD_ID_005,Medium,  562.00 ,  3.00 ,  12.00 ,"  6,744.00 ",404.64,"  6,339.36 ",  6.34 ,"  1,686.00 ","  4,653.36 ",  4.65 ,11/23/2021,Nov,Q4,2022,Samuel Phillips,Carretera,Germany
Midmarket,CUST_ID_136,PROD_ID_005,Medium,"  2,030.00 ",  3.00 ,  15.00 ,"  30,450.00 ",1827,"  28,623.00 ",  28.62 ,"  20,300.00 ","  8,323.00 ",  8.32 ,7/26/2021,Jul,Q3,2022,Charlotte Hill,Carretera,Japan
Government,CUST_ID_049,PROD_ID_001,Medium,  980.00 ,  5.00 ,  350.00 ,"  343,000.00 ",20580,"  322,420.00 ",  322.42 ,"  254,800.00 ","  67,620.00 ",  67.62 ,7/15/2022,Jul,Q3,2022,Elijah Perez,Montana,USA
Government,CUST_ID_037,PROD_ID_001,Medium,"  1,460.00 ",  5.00 ,  350.00 ,"  511,000.00 ",30660,"  480,340.00 ",  480.34 ,"  379,600.00 ","  100,740.00 ",  100.74 ,5/17/2022,May,Q2,2022,Henry Martinez,Montana,Germany
Channel Partners,CUST_ID_119,PROD_ID_001,Medium,"  2,723.00 ",  5.00 ,  12.00 ,"  32,676.00 ",1960.56,"  30,715.44 ",  30.72 ,"  8,169.00 ","  22,546.44 ",  22.55 ,11/20/2022,Nov,Q4,2022,Aiden Garcia,Montana,India
Government,CUST_ID_052,PROD_ID_002,Medium,"  1,496.00 ",  10.00 ,  350.00 ,"  523,600.00 ",31416,"  492,184.00 ",  492.18 ,"  388,960.00 ","  103,224.00 ",  103.22 ,3/1/2021,Mar,Q1,2022,Charlotte Martin,Paseo,France
Enterprise,CUST_ID_007,PROD_ID_003,Medium,  952.00 ,  120.00 ,  125.00 ,"  119,000.00 ",7140,"  111,860.00 ",  111.86 ,"  114,240.00 ","  -2,380.00 ",  -2.38 ,11/11/2022,Nov,Q4,2022,Ethan Miller,Velo,India
Enterprise,CUST_ID_015,PROD_ID_003,Medium,"  2,755.00 ",  120.00 ,  125.00 ,"  344,375.00 ",20662.5,"  323,712.50 ",  323.71 ,"  330,600.00 ","  -6,887.50 ",  -6.89 ,8/17/2021,Aug,Q3,2022,Samuel Taylor,Velo,India
Midmarket,CUST_ID_096,PROD_ID_003,Medium,"  1,530.00 ",  120.00 ,  15.00 ,"  22,950.00 ",1377,"  21,573.00 ",  21.57 ,"  15,300.00 ","  6,273.00 ",  6.27 ,8/24/2022,Aug,Q3,2022,Emily Phillips,Velo,Japan
Government,CUST_ID_054,PROD_ID_003,Medium,"  1,496.00 ",  120.00 ,  350.00 ,"  523,600.00 ",31416,"  492,184.00 ",  492.18 ,"  388,960.00 ","  103,224.00 ",  103.22 ,5/14/2021,May,Q2,2022,Harper Wilson,Velo,Italy
Government,CUST_ID_031,PROD_ID_003,Medium,"  1,498.00 ",  120.00 ,  7.00 ,"  10,486.00 ",629.16,"  9,856.84 ",  9.86 ,"  7,490.00 ","  2,366.84 ",  2.37 ,1/11/2022,Jan,Q1,2022,Benjamin Lee,Velo,India
Midmarket,CUST_ID_137,PROD_ID_004,Medium,"  2,844.00 ",  250.00 ,  15.00 ,"  42,660.00 ",2559.6,"  40,100.40 ",  40.10 ,"  28,440.00 ","  11,660.40 ",  11.66 ,11/21/2021,Nov,Q4,2022,Samuel Turner,VTT,USA
Government,CUST_ID_034,PROD_ID_004,Medium,"  1,498.00 ",  250.00 ,  7.00 ,"  10,486.00 ",629.16,"  9,856.84 ",  9.86 ,"  7,490.00 ","  2,366.84 ",  2.37 ,3/15/2021,Mar,Q1,2022,Charlotte Davis,VTT,Canada
Enterprise,CUST_ID_138,PROD_ID_006,Medium,"  1,987.50 ",  260.00 ,  125.00 ,"  248,437.50 ",14906.25,"  233,531.25 ",  233.53 ,"  238,500.00 ","  -4,968.75 ",  -4.97 ,6/28/2022,Jun,Q2,2022,Harper Martin,Amarilla,Canada
Government,CUST_ID_093,PROD_ID_006,Medium,"  1,679.00 ",  260.00 ,  350.00 ,"  587,650.00 ",35259,"  552,391.00 ",  552.39 ,"  436,540.00 ","  115,851.00 ",  115.85 ,11/18/2021,Nov,Q4,2022,Jackson Hill,Amarilla,Germany
Midmarket,CUST_ID_026,PROD_ID_002,Medium,"  2,198.00 ",  10.00 ,  15.00 ,"  32,970.00 ",1978.2,"  30,991.80 ",  30.99 ,"  21,980.00 ","  9,011.80 ",  9.01 ,10/20/2022,Oct,Q4,2022,Avery Turner,Paseo,Canada
Midmarket,CUST_ID_038,PROD_ID_002,Medium,"  1,743.00 ",  10.00 ,  15.00 ,"  26,145.00 ",1568.7,"  24,576.30 ",  24.58 ,"  17,430.00 ","  7,146.30 ",  7.15 ,3/16/2022,Mar,Q1,2022,Amelia Wilson,Paseo,Italy
Midmarket,CUST_ID_026,PROD_ID_002,Medium,"  1,153.00 ",  10.00 ,  15.00 ,"  17,295.00 ",1037.7,"  16,257.30 ",  16.26 ,"  11,530.00 ","  4,727.30 ",  4.73 ,11/18/2021,Nov,Q4,2022,Avery Turner,Paseo,Canada
Government,CUST_ID_028,PROD_ID_003,Medium,"  1,001.00 ",  120.00 ,  20.00 ,"  20,020.00 ",1201.2,"  18,818.80 ",  18.82 ,"  10,010.00 ","  8,808.80 ",  8.81 ,11/30/2022,Nov,Q4,2022,Sofia Phillips,Velo,France
Government,CUST_ID_031,PROD_ID_003,Medium,"  1,333.00 ",  120.00 ,  7.00 ,"  9,331.00 ",559.86,"  8,771.14 ",  8.77 ,"  6,665.00 ","  2,106.14 ",  2.11 ,6/17/2021,Jun,Q2,2022,Benjamin Lee,Velo,India
Midmarket,CUST_ID_139,PROD_ID_004,Medium,"  1,153.00 ",  250.00 ,  15.00 ,"  17,295.00 ",1037.7,"  16,257.30 ",  16.26 ,"  11,530.00 ","  4,727.30 ",  4.73 ,10/13/2022,Oct,Q4,2022,Henry Garcia,VTT,England
Channel Partners,CUST_ID_077,PROD_ID_005,Medium,  727.00 ,  3.00 ,  12.00 ,"  8,724.00 ",610.68,"  8,113.32 ",  8.11 ,"  2,181.00 ","  5,932.32 ",  5.93 ,8/20/2022,Aug,Q3,2022,Samuel Phillips,Carretera,Germany
Channel Partners,CUST_ID_036,PROD_ID_005,Medium,"  1,884.00 ",  3.00 ,  12.00 ,"  22,608.00 ",1582.56,"  21,025.44 ",  21.03 ,"  5,652.00 ","  15,373.44 ",  15.37 ,4/24/2021,Apr,Q2,2022,Harper Anderson,Carretera,France
Channel Partners,CUST_ID_120,PROD_ID_001,Medium,"  2,340.00 ",  5.00 ,  12.00 ,"  28,080.00 ",1965.6,"  26,114.40 ",  26.11 ,"  7,020.00 ","  19,094.40 ",  19.09 ,3/8/2022,Mar,Q1,2022,Emily Hill,Montana,Japan
Channel Partners,CUST_ID_129,PROD_ID_001,Medium,"  2,342.00 ",  5.00 ,  12.00 ,"  28,104.00 ",1967.28,"  26,136.72 ",  26.14 ,"  7,026.00 ","  19,110.72 ",  19.11 ,8/25/2021,Aug,Q3,2022,Jackson Turner,Montana,USA
Midmarket,CUST_ID_140,PROD_ID_003,Medium,"  1,262.00 ",  120.00 ,  15.00 ,"  18,930.00 ",1325.1,"  17,604.90 ",  17.60 ,"  12,620.00 ","  4,984.90 ",  4.98 ,4/18/2021,Apr,Q2,2022,Amelia Phillips,Velo,France
Government,CUST_ID_016,PROD_ID_003,Medium,"  1,135.00 ",  120.00 ,  7.00 ,"  7,945.00 ",556.15,"  7,388.85 ",  7.39 ,"  5,675.00 ","  1,713.85 ",  1.71 ,5/8/2021,May,Q2,2022,Harper Davis,Velo,Japan
Government,CUST_ID_041,PROD_ID_003,Medium,  547.00 ,  120.00 ,  7.00 ,"  3,829.00 ",268.03,"  3,560.97 ",  3.56 ,"  2,735.00 ",  825.97 ,  0.83 ,8/4/2022,Aug,Q3,2022,Aiden Clark,Velo,USA
Government,CUST_ID_016,PROD_ID_003,Medium,"  1,582.00 ",  120.00 ,  7.00 ,"  11,074.00 ",775.18,"  10,298.82 ",  10.30 ,"  7,910.00 ","  2,388.82 ",  2.39 ,4/5/2021,Apr,Q2,2022,Harper Davis,Velo,Japan
Channel Partners,CUST_ID_081,PROD_ID_004,Medium,"  1,738.50 ",  250.00 ,  12.00 ,"  20,862.00 ",1460.34,"  19,401.66 ",  19.40 ,"  5,215.50 ","  14,186.16 ",  14.19 ,2/25/2022,Feb,Q1,2022,Jackson Lewis,VTT,USA
Government,CUST_ID_055,PROD_ID_004,Medium,"  1,582.00 ",  250.00 ,  7.00 ,"  11,074.00 ",775.18,"  10,298.82 ",  10.30 ,"  7,910.00 ","  2,388.82 ",  2.39 ,1/1/2022,Jan,Q1,2022,Henry Turner,VTT,India
Government,CUST_ID_047,PROD_ID_006,Medium,"  1,135.00 ",  260.00 ,  7.00 ,"  7,945.00 ",556.15,"  7,388.85 ",  7.39 ,"  5,675.00 ","  1,713.85 ",  1.71 ,6/4/2021,Jun,Q2,2022,Michael Wilson,Amarilla,India
Government,CUST_ID_057,PROD_ID_005,Medium,"  1,761.00 ",  3.00 ,  350.00 ,"  616,350.00 ",43144.5,"  573,205.50 ",  573.21 ,"  457,860.00 ","  115,345.50 ",  115.35 ,5/3/2022,May,Q2,2022,Jackson Hill,Carretera,USA
Small Business,CUST_ID_141,PROD_ID_005,Medium,  448.00 ,  3.00 ,  300.00 ,"  134,400.00 ",9408,"  124,992.00 ",  124.99 ,"  112,000.00 ","  12,992.00 ",  12.99 ,8/14/2022,Aug,Q3,2022,Jackson Hill,Carretera,Germany
Small Business,CUST_ID_141,PROD_ID_005,Medium,"  2,181.00 ",  3.00 ,  300.00 ,"  654,300.00 ",45801,"  608,499.00 ",  608.50 ,"  545,250.00 ","  63,249.00 ",  63.25 ,7/24/2021,Jul,Q3,2022,Jackson Hill,Carretera,Germany
Government,CUST_ID_059,PROD_ID_001,Medium,"  1,976.00 ",  5.00 ,  20.00 ,"  39,520.00 ",2766.4,"  36,753.60 ",  36.75 ,"  19,760.00 ","  16,993.60 ",  16.99 ,9/24/2021,Sep,Q3,2022,Aiden Martin,Montana,England
Small Business,CUST_ID_078,PROD_ID_001,Medium,"  2,181.00 ",  5.00 ,  300.00 ,"  654,300.00 ",45801,"  608,499.00 ",  608.50 ,"  545,250.00 ","  63,249.00 ",  63.25 ,7/26/2022,Jul,Q3,2022,Harper Hill,Montana,Italy
Small Business,CUST_ID_070,PROD_ID_002,Medium,"  1,702.00 ",  10.00 ,  300.00 ,"  510,600.00 ",35742,"  474,858.00 ",  474.86 ,"  425,500.00 ","  49,358.00 ",  49.36 ,5/17/2022,May,Q2,2022,Abigail Garcia,Paseo,Italy
Small Business,CUST_ID_121,PROD_ID_002,Medium,  448.00 ,  10.00 ,  300.00 ,"  134,400.00 ",9408,"  124,992.00 ",  124.99 ,"  112,000.00 ","  12,992.00 ",  12.99 ,6/4/2022,Jun,Q2,2022,Benjamin Phillips,Paseo,USA
Enterprise,CUST_ID_023,PROD_ID_002,Medium,"  3,513.00 ",  10.00 ,  125.00 ,"  439,125.00 ",30738.75,"  408,386.25 ",  408.39 ,"  421,560.00 ","  -13,173.75 ",  -13.17 ,10/9/2021,Oct,Q4,2022,Sebastian Lee,Paseo,India
Midmarket,CUST_ID_002,PROD_ID_002,Medium,"  2,101.00 ",  10.00 ,  15.00 ,"  31,515.00 ",2206.05,"  29,308.95 ",  29.31 ,"  21,010.00 ","  8,298.95 ",  8.30 ,4/28/2021,Apr,Q2,2022,Emma Johnson,Paseo,Canada
Government,CUST_ID_052,PROD_ID_002,Medium,"  1,535.00 ",  10.00 ,  20.00 ,"  30,700.00 ",2149,"  28,551.00 ",  28.55 ,"  15,350.00 ","  13,201.00 ",  13.20 ,3/6/2021,Mar,Q1,2022,Charlotte Martin,Paseo,France
Small Business,CUST_ID_061,PROD_ID_003,Medium,"  1,659.00 ",  120.00 ,  300.00 ,"  497,700.00 ",34839,"  462,861.00 ",  462.86 ,"  414,750.00 ","  48,111.00 ",  48.11 ,11/6/2022,Nov,Q4,2022,Benjamin Martin,Velo,Germany
Government,CUST_ID_031,PROD_ID_003,Medium,  609.00 ,  120.00 ,  20.00 ,"  12,180.00 ",852.6,"  11,327.40 ",  11.33 ,"  6,090.00 ","  5,237.40 ",  5.24 ,12/20/2021,Dec,Q4,2022,Benjamin Lee,Velo,India
Enterprise,CUST_ID_029,PROD_ID_003,Medium,"  2,087.00 ",  120.00 ,  125.00 ,"  260,875.00 ",18261.25,"  242,613.75 ",  242.61 ,"  250,440.00 ","  -7,826.25 ",  -7.83 ,4/12/2021,Apr,Q2,2022,Elijah Martin,Velo,Germany
Government,CUST_ID_054,PROD_ID_003,Medium,"  1,976.00 ",  120.00 ,  20.00 ,"  39,520.00 ",2766.4,"  36,753.60 ",  36.75 ,"  19,760.00 ","  16,993.60 ",  16.99 ,8/3/2022,Aug,Q3,2022,Harper Wilson,Velo,Italy
Small Business,CUST_ID_086,PROD_ID_003,Medium,"  1,372.00 ",  120.00 ,  300.00 ,"  411,600.00 ",28812,"  382,788.00 ",  382.79 ,"  343,000.00 ","  39,788.00 ",  39.79 ,7/29/2021,Jul,Q3,2022,Mia Hill,Velo,Italy
Channel Partners,CUST_ID_142,PROD_ID_004,Medium,"  3,244.50 ",  250.00 ,  12.00 ,"  38,934.00 ",2725.38,"  36,208.62 ",  36.21 ,"  9,733.50 ","  26,475.12 ",  26.48 ,9/24/2022,Sep,Q3,2022,Abigail Martin,VTT,Italy
Small Business,CUST_ID_062,PROD_ID_004,Medium,  959.00 ,  250.00 ,  300.00 ,"  287,700.00 ",20139,"  267,561.00 ",  267.56 ,"  239,750.00 ","  27,811.00 ",  27.81 ,4/14/2022,Apr,Q2,2022,Mia Lewis,VTT,Italy
Small Business,CUST_ID_017,PROD_ID_004,Medium,"  2,747.00 ",  250.00 ,  300.00 ,"  824,100.00 ",57687,"  766,413.00 ",  766.41 ,"  686,750.00 ","  79,663.00 ",  79.66 ,4/10/2021,Apr,Q2,2022,Henry Anderson,VTT,USA
Enterprise,CUST_ID_143,PROD_ID_006,Medium,"  1,645.00 ",  260.00 ,  125.00 ,"  205,625.00 ",14393.75,"  191,231.25 ",  191.23 ,"  197,400.00 ","  -6,168.75 ",  -6.17 ,6/3/2022,Jun,Q2,2022,Aiden Garcia,Amarilla,India
Government,CUST_ID_065,PROD_ID_006,Medium,"  2,876.00 ",  260.00 ,  350.00 ,"  1,006,600.00 ",70462,"  936,138.00 ",  936.14 ,"  747,760.00 ","  188,378.00 ",  188.38 ,6/30/2022,Jun,Q2,2022,Samuel Wilson,Amarilla,USA
Government,CUST_ID_047,PROD_ID_006,Medium,"  1,118.00 ",  260.00 ,  20.00 ,"  22,360.00 ",1565.2,"  20,794.80 ",  20.79 ,"  11,180.00 ","  9,614.80 ",  9.61 ,12/4/2021,Dec,Q4,2022,Michael Wilson,Amarilla,India
Small Business,CUST_ID_144,PROD_ID_006,Medium,"  1,372.00 ",  260.00 ,  300.00 ,"  411,600.00 ",28812,"  382,788.00 ",  382.79 ,"  343,000.00 ","  39,788.00 ",  39.79 ,9/20/2022,Sep,Q3,2022,Emily Hill,Amarilla,Japan
Government,CUST_ID_043,PROD_ID_001,Medium,  488.00 ,  5.00 ,  7.00 ,"  3,416.00 ",273.28,"  3,142.72 ",  3.14 ,"  2,440.00 ",  702.72 ,  0.70 ,10/20/2022,Oct,Q4,2022,Sebastian Phillips,Montana,England
Government,CUST_ID_099,PROD_ID_001,Medium,"  1,282.00 ",  5.00 ,  20.00 ,"  25,640.00 ",2051.2,"  23,588.80 ",  23.59 ,"  12,820.00 ","  10,768.80 ",  10.77 ,10/12/2021,Oct,Q4,2022,Logan Martin,Montana,England
Government,CUST_ID_004,PROD_ID_002,Medium,  257.00 ,  10.00 ,  7.00 ,"  1,799.00 ",143.92,"  1,655.08 ",  1.66 ,"  1,285.00 ",  370.08 ,  0.37 ,10/21/2021,Oct,Q4,2022,Olivia Brown,Paseo,France
Government,CUST_ID_064,PROD_ID_006,Medium,"  1,282.00 ",  260.00 ,  20.00 ,"  25,640.00 ",2051.2,"  23,588.80 ",  23.59 ,"  12,820.00 ","  10,768.80 ",  10.77 ,10/2/2021,Oct,Q4,2022,Charlotte Anderson,Amarilla,Japan
Enterprise,CUST_ID_100,PROD_ID_005,Medium,"  1,540.00 ",  3.00 ,  125.00 ,"  192,500.00 ",15400,"  177,100.00 ",  177.10 ,"  184,800.00 ","  -7,700.00 ",  -7.70 ,5/31/2021,May,Q2,2022,Charlotte Garcia,Carretera,France
Midmarket,CUST_ID_106,PROD_ID_005,Medium,  490.00 ,  3.00 ,  15.00 ,"  7,350.00 ",588,"  6,762.00 ",  6.76 ,"  4,900.00 ","  1,862.00 ",  1.86 ,1/6/2022,Jan,Q1,2022,Abigail Phillips,Carretera,Canada
Government,CUST_ID_066,PROD_ID_005,Medium,"  1,362.00 ",  3.00 ,  350.00 ,"  476,700.00 ",38136,"  438,564.00 ",  438.56 ,"  354,120.00 ","  84,444.00 ",  84.44 ,1/26/2021,Jan,Q1,2022,Harper Turner,Carretera,Canada
Midmarket,CUST_ID_145,PROD_ID_001,Medium,"  2,501.00 ",  5.00 ,  15.00 ,"  37,515.00 ",3001.2,"  34,513.80 ",  34.51 ,"  25,010.00 ","  9,503.80 ",  9.50 ,1/3/2022,Jan,Q1,2022,Benjamin Phillips,Montana,USA
Government,CUST_ID_043,PROD_ID_001,Medium,  708.00 ,  5.00 ,  20.00 ,"  14,160.00 ",1132.8,"  13,027.20 ",  13.03 ,"  7,080.00 ","  5,947.20 ",  5.95 ,11/27/2021,Nov,Q4,2022,Sebastian Phillips,Montana,England
Government,CUST_ID_037,PROD_ID_001,Medium,  645.00 ,  5.00 ,  20.00 ,"  12,900.00 ",1032,"  11,868.00 ",  11.87 ,"  6,450.00 ","  5,418.00 ",  5.42 ,8/15/2022,Aug,Q3,2022,Henry Martinez,Montana,Germany
Small Business,CUST_ID_078,PROD_ID_001,Medium,"  1,562.00 ",  5.00 ,  300.00 ,"  468,600.00 ",37488,"  431,112.00 ",  431.11 ,"  390,500.00 ","  40,612.00 ",  40.61 ,7/11/2022,Jul,Q3,2022,Harper Hill,Montana,Italy
Midmarket,CUST_ID_109,PROD_ID_001,Medium,  711.00 ,  5.00 ,  15.00 ,"  10,665.00 ",853.2,"  9,811.80 ",  9.81 ,"  7,110.00 ","  2,701.80 ",  2.70 ,6/22/2022,Jun,Q2,2022,Benjamin Garcia,Montana,Germany
Enterprise,CUST_ID_024,PROD_ID_002,Medium,"  1,114.00 ",  10.00 ,  125.00 ,"  139,250.00 ",11140,"  128,110.00 ",  128.11 ,"  133,680.00 ","  -5,570.00 ",  -5.57 ,11/9/2022,Nov,Q4,2022,Elizabeth Green,Paseo,Japan
Government,CUST_ID_072,PROD_ID_002,Medium,"  1,259.00 ",  10.00 ,  7.00 ,"  8,813.00 ",705.04,"  8,107.96 ",  8.11 ,"  6,295.00 ","  1,812.96 ",  1.81 ,7/12/2022,Jul,Q3,2022,Emily Hill,Paseo,Japan
Government,CUST_ID_072,PROD_ID_002,Medium,"  1,095.00 ",  10.00 ,  7.00 ,"  7,665.00 ",613.2,"  7,051.80 ",  7.05 ,"  5,475.00 ","  1,576.80 ",  1.58 ,9/28/2021,Sep,Q3,2022,Emily Hill,Paseo,Japan
Government,CUST_ID_072,PROD_ID_002,Medium,"  1,366.00 ",  10.00 ,  20.00 ,"  27,320.00 ",2185.6,"  25,134.40 ",  25.13 ,"  13,660.00 ","  11,474.40 ",  11.47 ,3/4/2021,Mar,Q1,2022,Emily Hill,Paseo,Japan
Small Business,CUST_ID_003,PROD_ID_002,Medium,"  2,460.00 ",  10.00 ,  300.00 ,"  738,000.00 ",59040,"  678,960.00 ",  678.96 ,"  615,000.00 ","  63,960.00 ",  63.96 ,7/27/2021,Jul,Q3,2022,Noah Williams,Paseo,England
Government,CUST_ID_027,PROD_ID_002,Medium,  678.00 ,  10.00 ,  7.00 ,"  4,746.00 ",379.68,"  4,366.32 ",  4.37 ,"  3,390.00 ",  976.32 ,  0.98 ,3/21/2021,Mar,Q1,2022,Michael Hill,Paseo,England
Government,CUST_ID_072,PROD_ID_002,Medium,"  1,598.00 ",  10.00 ,  7.00 ,"  11,186.00 ",894.88,"  10,291.12 ",  10.29 ,"  7,990.00 ","  2,301.12 ",  2.30 ,11/6/2021,Nov,Q4,2022,Emily Hill,Paseo,Japan
Government,CUST_ID_072,PROD_ID_002,Medium,"  1,934.00 ",  10.00 ,  20.00 ,"  38,680.00 ",3094.4,"  35,585.60 ",  35.59 ,"  19,340.00 ","  16,245.60 ",  16.25 ,2/2/2021,Feb,Q1,2022,Emily Hill,Paseo,Japan
Government,CUST_ID_040,PROD_ID_002,Medium,"  2,993.00 ",  10.00 ,  20.00 ,"  59,860.00 ",4788.8,"  55,071.20 ",  55.07 ,"  29,930.00 ","  25,141.20 ",  25.14 ,1/12/2021,Jan,Q1,2022,Abigail Lewis,Paseo,Japan
Government,CUST_ID_040,PROD_ID_002,Medium,"  1,362.00 ",  10.00 ,  350.00 ,"  476,700.00 ",38136,"  438,564.00 ",  438.56 ,"  354,120.00 ","  84,444.00 ",  84.44 ,9/12/2022,Sep,Q3,2022,Abigail Lewis,Paseo,Japan
Channel Partners,CUST_ID_133,PROD_ID_003,Medium,  598.00 ,  120.00 ,  12.00 ,"  7,176.00 ",574.08,"  6,601.92 ",  6.60 ,"  1,794.00 ","  4,807.92 ",  4.81 ,5/4/2021,May,Q2,2022,Benjamin Garcia,Velo,Germany
Government,CUST_ID_041,PROD_ID_003,Medium,"  2,907.00 ",  120.00 ,  7.00 ,"  20,349.00 ",1627.92,"  18,721.08 ",  18.72 ,"  14,535.00 ","  4,186.08 ",  4.19 ,8/17/2022,Aug,Q3,2022,Aiden Clark,Velo,USA
Government,CUST_ID_028,PROD_ID_003,Medium,"  2,338.00 ",  120.00 ,  7.00 ,"  16,366.00 ",1309.28,"  15,056.72 ",  15.06 ,"  11,690.00 ","  3,366.72 ",  3.37 ,7/5/2021,Jul,Q3,2022,Sofia Phillips,Velo,France
Small Business,CUST_ID_097,PROD_ID_003,Medium,  635.00 ,  120.00 ,  300.00 ,"  190,500.00 ",15240,"  175,260.00 ",  175.26 ,"  158,750.00 ","  16,510.00 ",  16.51 ,8/11/2021,Aug,Q3,2022,Benjamin Hill,Velo,USA
Government,CUST_ID_008,PROD_ID_004,Medium,  574.50 ,  250.00 ,  350.00 ,"  201,075.00 ",16086,"  184,989.00 ",  184.99 ,"  149,370.00 ","  35,619.00 ",  35.62 ,2/22/2022,Feb,Q1,2022,Isabella Wilson,VTT,Japan
Government,CUST_ID_056,PROD_ID_004,Medium,"  2,338.00 ",  250.00 ,  7.00 ,"  16,366.00 ",1309.28,"  15,056.72 ",  15.06 ,"  11,690.00 ","  3,366.72 ",  3.37 ,10/13/2022,Oct,Q4,2022,Amelia Perez,VTT,Japan
Government,CUST_ID_008,PROD_ID_004,Medium,  381.00 ,  250.00 ,  350.00 ,"  133,350.00 ",10668,"  122,682.00 ",  122.68 ,"  99,060.00 ","  23,622.00 ",  23.62 ,3/20/2022,Mar,Q1,2022,Isabella Wilson,VTT,Japan
Government,CUST_ID_056,PROD_ID_004,Medium,  422.00 ,  250.00 ,  350.00 ,"  147,700.00 ",11816,"  135,884.00 ",  135.88 ,"  109,720.00 ","  26,164.00 ",  26.16 ,8/6/2022,Aug,Q3,2022,Amelia Perez,VTT,Japan
Small Business,CUST_ID_063,PROD_ID_004,Medium,"  2,134.00 ",  250.00 ,  300.00 ,"  640,200.00 ",51216,"  588,984.00 ",  588.98 ,"  533,500.00 ","  55,484.00 ",  55.48 ,3/20/2022,Mar,Q1,2022,Logan Clark,VTT,India
Government,CUST_ID_047,PROD_ID_006,Medium,  708.00 ,  260.00 ,  20.00 ,"  14,160.00 ",1132.8,"  13,027.20 ",  13.03 ,"  7,080.00 ","  5,947.20 ",  5.95 ,4/19/2021,Apr,Q2,2022,Michael Wilson,Amarilla,India
Government,CUST_ID_064,PROD_ID_006,Medium,"  2,907.00 ",  260.00 ,  7.00 ,"  20,349.00 ",1627.92,"  18,721.08 ",  18.72 ,"  14,535.00 ","  4,186.08 ",  4.19 ,4/25/2022,Apr,Q2,2022,Charlotte Anderson,Amarilla,Japan
Government,CUST_ID_035,PROD_ID_006,Medium,"  1,366.00 ",  260.00 ,  20.00 ,"  27,320.00 ",2185.6,"  25,134.40 ",  25.13 ,"  13,660.00 ","  11,474.40 ",  11.47 ,10/8/2022,Oct,Q4,2022,Samuel Johnson,Amarilla,England
Small Business,CUST_ID_127,PROD_ID_006,Medium,"  2,460.00 ",  260.00 ,  300.00 ,"  738,000.00 ",59040,"  678,960.00 ",  678.96 ,"  615,000.00 ","  63,960.00 ",  63.96 ,6/15/2022,Jun,Q2,2022,Henry Martin,Amarilla,India
Government,CUST_ID_035,PROD_ID_006,Medium,"  1,520.00 ",  260.00 ,  20.00 ,"  30,400.00 ",2432,"  27,968.00 ",  27.97 ,"  15,200.00 ","  12,768.00 ",  12.77 ,10/10/2022,Oct,Q4,2022,Samuel Johnson,Amarilla,England
Midmarket,CUST_ID_082,PROD_ID_006,Medium,  711.00 ,  260.00 ,  15.00 ,"  10,665.00 ",853.2,"  9,811.80 ",  9.81 ,"  7,110.00 ","  2,701.80 ",  2.70 ,7/27/2022,Jul,Q3,2022,Abigail Clark,Amarilla,Canada
Small Business,CUST_ID_127,PROD_ID_006,Medium,  635.00 ,  260.00 ,  300.00 ,"  190,500.00 ",15240,"  175,260.00 ",  175.26 ,"  158,750.00 ","  16,510.00 ",  16.51 ,6/27/2022,Jun,Q2,2022,Henry Martin,Amarilla,India
Government,CUST_ID_033,PROD_ID_004,Medium,  436.50 ,  250.00 ,  20.00 ,"  8,730.00 ",698.4,"  8,031.60 ",  8.03 ,"  4,365.00 ","  3,666.60 ",  3.67 ,5/12/2022,May,Q2,2022,Logan Garcia,VTT,USA
Small Business,CUST_ID_146,PROD_ID_005,Medium,"  1,094.00 ",  3.00 ,  300.00 ,"  328,200.00 ",29538,"  298,662.00 ",  298.66 ,"  273,500.00 ","  25,162.00 ",  25.16 ,12/20/2022,Dec,Q4,2022,Mia Turner,Carretera,Canada
Small Business,CUST_ID_074,PROD_ID_001,Medium,"  3,802.50 ",  5.00 ,  300.00 ,"  1,140,750.00 ",102667.5,"  1,038,082.50 ","  1,038.08 ","  950,625.00 ","  87,457.50 ",  87.46 ,12/6/2022,Dec,Q4,2022,Mia Turner,Montana,Canada
Government,CUST_ID_059,PROD_ID_001,Medium,"  1,666.00 ",  5.00 ,  350.00 ,"  583,100.00 ",52479,"  530,621.00 ",  530.62 ,"  433,160.00 ","  97,461.00 ",  97.46 ,9/1/2021,Sep,Q3,2022,Aiden Martin,Montana,England
Channel Partners,CUST_ID_110,PROD_ID_001,Medium,"  2,321.00 ",  5.00 ,  12.00 ,"  27,852.00 ",2506.68,"  25,345.32 ",  25.35 ,"  6,963.00 ","  18,382.32 ",  18.38 ,6/21/2021,Jun,Q2,2022,Mia Hill,Montana,Italy
Enterprise,CUST_ID_013,PROD_ID_001,Medium,"  2,797.00 ",  5.00 ,  125.00 ,"  349,625.00 ",31466.25,"  318,158.75 ",  318.16 ,"  335,640.00 ","  -17,481.25 ",  -17.48 ,10/24/2021,Oct,Q4,2022,Logan Jackson,Montana,Germany
Small Business,CUST_ID_003,PROD_ID_002,Medium,"  2,565.00 ",  10.00 ,  300.00 ,"  769,500.00 ",69255,"  700,245.00 ",  700.25 ,"  641,250.00 ","  58,995.00 ",  59.00 ,7/29/2021,Jul,Q3,2022,Noah Williams,Paseo,England
Government,CUST_ID_040,PROD_ID_002,Medium,"  2,417.00 ",  10.00 ,  350.00 ,"  845,950.00 ",76135.5,"  769,814.50 ",  769.81 ,"  628,420.00 ","  141,394.50 ",  141.39 ,4/24/2022,Apr,Q2,2022,Abigail Lewis,Paseo,Japan
Midmarket,CUST_ID_026,PROD_ID_002,Medium,"  3,675.00 ",  10.00 ,  15.00 ,"  55,125.00 ",4961.25,"  50,163.75 ",  50.16 ,"  36,750.00 ","  13,413.75 ",  13.41 ,10/28/2021,Oct,Q4,2022,Avery Turner,Paseo,Canada
Small Business,CUST_ID_070,PROD_ID_002,Medium,"  1,094.00 ",  10.00 ,  300.00 ,"  328,200.00 ",29538,"  298,662.00 ",  298.66 ,"  273,500.00 ","  25,162.00 ",  25.16 ,7/1/2021,Jul,Q3,2022,Abigail Garcia,Paseo,Italy
Midmarket,CUST_ID_002,PROD_ID_002,Medium,"  1,227.00 ",  10.00 ,  15.00 ,"  18,405.00 ",1656.45,"  16,748.55 ",  16.75 ,"  12,270.00 ","  4,478.55 ",  4.48 ,10/21/2021,Oct,Q4,2022,Emma Johnson,Paseo,Canada
Small Business,CUST_ID_121,PROD_ID_002,Medium,"  1,324.00 ",  10.00 ,  300.00 ,"  397,200.00 ",35748,"  361,452.00 ",  361.45 ,"  331,000.00 ","  30,452.00 ",  30.45 ,6/4/2021,Jun,Q2,2022,Benjamin Phillips,Paseo,USA
Enterprise,CUST_ID_115,PROD_ID_002,Medium,"  2,797.00 ",  10.00 ,  125.00 ,"  349,625.00 ",31466.25,"  318,158.75 ",  318.16 ,"  335,640.00 ","  -17,481.25 ",  -17.48 ,7/26/2021,Jul,Q3,2022,Henry Garcia,Paseo,England
Midmarket,CUST_ID_091,PROD_ID_003,Medium,  245.00 ,  120.00 ,  15.00 ,"  3,675.00 ",330.75,"  3,344.25 ",  3.34 ,"  2,450.00 ",  894.25 ,  0.89 ,12/29/2022,Dec,Q4,2022,Henry Garcia,Velo,England
Small Business,CUST_ID_101,PROD_ID_003,Medium,"  3,793.50 ",  120.00 ,  300.00 ,"  1,138,050.00 ",102424.5,"  1,035,625.50 ","  1,035.63 ","  948,375.00 ","  87,250.50 ",  87.25 ,5/7/2022,May,Q2,2022,Samuel Hill,Velo,Germany
Government,CUST_ID_028,PROD_ID_003,Medium,"  1,307.00 ",  120.00 ,  350.00 ,"  457,450.00 ",41170.5,"  416,279.50 ",  416.28 ,"  339,820.00 ","  76,459.50 ",  76.46 ,2/21/2021,Feb,Q1,2022,Sofia Phillips,Velo,France
Enterprise,CUST_ID_007,PROD_ID_003,Medium,  567.00 ,  120.00 ,  125.00 ,"  70,875.00 ",6378.75,"  64,496.25 ",  64.50 ,"  68,040.00 ","  -3,543.75 ",  -3.54 ,11/24/2021,Nov,Q4,2022,Ethan Miller,Velo,India
Enterprise,CUST_ID_030,PROD_ID_003,Medium,"  2,110.00 ",  120.00 ,  125.00 ,"  263,750.00 ",23737.5,"  240,012.50 ",  240.01 ,"  253,200.00 ","  -13,187.50 ",  -13.19 ,1/22/2021,Jan,Q1,2022,Sophia Turner,Velo,Italy
Government,CUST_ID_016,PROD_ID_003,Medium,"  1,269.00 ",  120.00 ,  350.00 ,"  444,150.00 ",39973.5,"  404,176.50 ",  404.18 ,"  329,940.00 ","  74,236.50 ",  74.24 ,6/1/2022,Jun,Q2,2022,Harper Davis,Velo,Japan
Channel Partners,CUST_ID_147,PROD_ID_004,Medium,"  1,956.00 ",  250.00 ,  12.00 ,"  23,472.00 ",2112.48,"  21,359.52 ",  21.36 ,"  5,868.00 ","  15,491.52 ",  15.49 ,11/22/2021,Nov,Q4,2022,Logan Martin,VTT,England
Small Business,CUST_ID_032,PROD_ID_004,Medium,"  2,659.00 ",  250.00 ,  300.00 ,"  797,700.00 ",71793,"  725,907.00 ",  725.91 ,"  664,750.00 ","  61,157.00 ",  61.16 ,12/26/2022,Dec,Q4,2022,Mia White,VTT,Japan
Government,CUST_ID_033,PROD_ID_004,Medium,"  1,351.50 ",  250.00 ,  350.00 ,"  473,025.00 ",42572.25,"  430,452.75 ",  430.45 ,"  351,390.00 ","  79,062.75 ",  79.06 ,11/21/2022,Nov,Q4,2022,Logan Garcia,VTT,USA
Channel Partners,CUST_ID_067,PROD_ID_004,Medium,  880.00 ,  250.00 ,  12.00 ,"  10,560.00 ",950.4,"  9,609.60 ",  9.61 ,"  2,640.00 ","  6,969.60 ",  6.97 ,11/7/2021,Nov,Q4,2022,Henry Phillips,VTT,England
Small Business,CUST_ID_075,PROD_ID_004,Medium,"  1,867.00 ",  250.00 ,  300.00 ,"  560,100.00 ",50409,"  509,691.00 ",  509.69 ,"  466,750.00 ","  42,941.00 ",  42.94 ,1/24/2021,Jan,Q1,2022,Logan Martin,VTT,England
Midmarket,CUST_ID_087,PROD_ID_004,Medium,"  1,227.00 ",  250.00 ,  15.00 ,"  18,405.00 ",1656.45,"  16,748.55 ",  16.75 ,"  12,270.00 ","  4,478.55 ",  4.48 ,10/25/2022,Oct,Q4,2022,Logan Phillips,VTT,India
Enterprise,CUST_ID_125,PROD_ID_004,Medium,  877.00 ,  250.00 ,  125.00 ,"  109,625.00 ",9866.25,"  99,758.75 ",  99.76 ,"  105,240.00 ","  -5,481.25 ",  -5.48 ,10/25/2022,Oct,Q4,2022,Samuel Hill,VTT,Germany
Government,CUST_ID_064,PROD_ID_006,Medium,"  2,071.00 ",  260.00 ,  350.00 ,"  724,850.00 ",65236.5,"  659,613.50 ",  659.61 ,"  538,460.00 ","  121,153.50 ",  121.15 ,8/18/2022,Aug,Q3,2022,Charlotte Anderson,Amarilla,Japan
Government,CUST_ID_047,PROD_ID_006,Medium,"  1,269.00 ",  260.00 ,  350.00 ,"  444,150.00 ",39973.5,"  404,176.50 ",  404.18 ,"  329,940.00 ","  74,236.50 ",  74.24 ,4/6/2021,Apr,Q2,2022,Michael Wilson,Amarilla,India
Government,CUST_ID_093,PROD_ID_006,Medium,"  1,694.00 ",  260.00 ,  20.00 ,"  33,880.00 ",3049.2,"  30,830.80 ",  30.83 ,"  16,940.00 ","  13,890.80 ",  13.89 ,4/18/2021,Apr,Q2,2022,Jackson Hill,Amarilla,Germany
Government,CUST_ID_048,PROD_ID_005,Medium,  663.00 ,  3.00 ,  20.00 ,"  13,260.00 ",1193.4,"  12,066.60 ",  12.07 ,"  6,630.00 ","  5,436.60 ",  5.44 ,10/29/2021,Oct,Q4,2022,Sofia Turner,Carretera,Japan
Government,CUST_ID_042,PROD_ID_005,Medium,  819.00 ,  3.00 ,  7.00 ,"  5,733.00 ",515.97,"  5,217.03 ",  5.22 ,"  4,095.00 ","  1,122.03 ",  1.12 ,9/13/2021,Sep,Q3,2022,Emily Garcia,Carretera,Canada
Channel Partners,CUST_ID_010,PROD_ID_005,Medium,"  1,580.00 ",  3.00 ,  12.00 ,"  18,960.00 ",1706.4,"  17,253.60 ",  17.25 ,"  4,740.00 ","  12,513.60 ",  12.51 ,1/21/2022,Jan,Q1,2022,Sophia Anderson,Carretera,Canada
Government,CUST_ID_066,PROD_ID_005,Medium,  521.00 ,  3.00 ,  7.00 ,"  3,647.00 ",328.23,"  3,318.77 ",  3.32 ,"  2,605.00 ",  713.77 ,  0.71 ,10/26/2021,Oct,Q4,2022,Harper Turner,Carretera,Canada
Government,CUST_ID_027,PROD_ID_002,Medium,  973.00 ,  10.00 ,  20.00 ,"  19,460.00 ",1751.4,"  17,708.60 ",  17.71 ,"  9,730.00 ","  7,978.60 ",  7.98 ,1/6/2021,Jan,Q1,2022,Michael Hill,Paseo,England
Government,CUST_ID_040,PROD_ID_002,Medium,"  1,038.00 ",  10.00 ,  20.00 ,"  20,760.00 ",1868.4,"  18,891.60 ",  18.89 ,"  10,380.00 ","  8,511.60 ",  8.51 ,8/5/2022,Aug,Q3,2022,Abigail Lewis,Paseo,Japan
Government,CUST_ID_072,PROD_ID_002,Medium,  360.00 ,  10.00 ,  7.00 ,"  2,520.00 ",226.8,"  2,293.20 ",  2.29 ,"  1,800.00 ",  493.20 ,  0.49 ,5/15/2021,May,Q2,2022,Emily Hill,Paseo,Japan
Channel Partners,CUST_ID_123,PROD_ID_003,Medium,"  1,967.00 ",  120.00 ,  12.00 ,"  23,604.00 ",2124.36,"  21,479.64 ",  21.48 ,"  5,901.00 ","  15,578.64 ",  15.58 ,3/2/2021,Mar,Q1,2022,Logan Martin,Velo,England
Midmarket,CUST_ID_091,PROD_ID_003,Medium,"  2,628.00 ",  120.00 ,  15.00 ,"  39,420.00 ",3547.8,"  35,872.20 ",  35.87 ,"  26,280.00 ","  9,592.20 ",  9.59 ,12/21/2021,Dec,Q4,2022,Henry Garcia,Velo,England
Government,CUST_ID_056,PROD_ID_004,Medium,  360.00 ,  250.00 ,  7.00 ,"  2,520.00 ",226.8,"  2,293.20 ",  2.29 ,"  1,800.00 ",  493.20 ,  0.49 ,12/4/2022,Dec,Q4,2022,Amelia Perez,VTT,Japan
Government,CUST_ID_034,PROD_ID_004,Medium,  521.00 ,  250.00 ,  7.00 ,"  3,647.00 ",328.23,"  3,318.77 ",  3.32 ,"  2,605.00 ",  713.77 ,  0.71 ,2/13/2022,Feb,Q1,2022,Charlotte Davis,VTT,Canada
Government,CUST_ID_093,PROD_ID_006,Medium,"  1,038.00 ",  260.00 ,  20.00 ,"  20,760.00 ",1868.4,"  18,891.60 ",  18.89 ,"  10,380.00 ","  8,511.60 ",  8.51 ,6/25/2022,Jun,Q2,2022,Jackson Hill,Amarilla,Germany
Midmarket,CUST_ID_103,PROD_ID_006,Medium,"  1,630.50 ",  260.00 ,  15.00 ,"  24,457.50 ",2201.175,"  22,256.33 ",  22.26 ,"  16,305.00 ","  5,951.33 ",  5.95 ,5/9/2021,May,Q2,2022,Henry Martin,Amarilla,India
Government,CUST_ID_099,PROD_ID_001,High,"  2,328.00 ",  5.00 ,  7.00 ,"  16,296.00 ",1629.6,"  14,666.40 ",  14.67 ,"  11,640.00 ","  3,026.40 ",  3.03 ,10/22/2021,Oct,Q4,2022,Logan Martin,Montana,England
Enterprise,CUST_ID_009,PROD_ID_005,High,"  3,445.50 ",  3.00 ,  125.00 ,"  430,687.50 ",43068.75,"  387,618.75 ",  387.62 ,"  413,460.00 ","  -25,841.25 ",  -25.84 ,10/25/2021,Oct,Q4,2022,Mason Taylor,Carretera,USA
Government,CUST_ID_099,PROD_ID_001,High,"  2,313.00 ",  5.00 ,  350.00 ,"  809,550.00 ",80955,"  728,595.00 ",  728.60 ,"  601,380.00 ","  127,215.00 ",  127.22 ,6/7/2022,Jun,Q2,2022,Logan Martin,Montana,England
Midmarket,CUST_ID_145,PROD_ID_001,High,"  2,072.00 ",  5.00 ,  15.00 ,"  31,080.00 ",3108,"  27,972.00 ",  27.97 ,"  20,720.00 ","  7,252.00 ",  7.25 ,4/23/2021,Apr,Q2,2022,Benjamin Phillips,Montana,USA
Government,CUST_ID_052,PROD_ID_002,High,"  1,954.00 ",  10.00 ,  20.00 ,"  39,080.00 ",3908,"  35,172.00 ",  35.17 ,"  19,540.00 ","  15,632.00 ",  15.63 ,1/16/2021,Jan,Q1,2022,Charlotte Martin,Paseo,France
Small Business,CUST_ID_003,PROD_ID_002,High,  591.00 ,  10.00 ,  300.00 ,"  177,300.00 ",17730,"  159,570.00 ",  159.57 ,"  147,750.00 ","  11,820.00 ",  11.82 ,4/22/2022,Apr,Q2,2022,Noah Williams,Paseo,England
Government,CUST_ID_072,PROD_ID_002,High,  241.00 ,  10.00 ,  20.00 ,"  4,820.00 ",482,"  4,338.00 ",  4.34 ,"  2,410.00 ","  1,928.00 ",  1.93 ,10/24/2022,Oct,Q4,2022,Emily Hill,Paseo,Japan
Midmarket,CUST_ID_096,PROD_ID_003,High,  681.00 ,  120.00 ,  15.00 ,"  10,215.00 ",1021.5,"  9,193.50 ",  9.19 ,"  6,810.00 ","  2,383.50 ",  2.38 ,5/19/2021,May,Q2,2022,Emily Phillips,Velo,Japan
Midmarket,CUST_ID_096,PROD_ID_003,High,  510.00 ,  120.00 ,  15.00 ,"  7,650.00 ",765,"  6,885.00 ",  6.89 ,"  5,100.00 ","  1,785.00 ",  1.79 ,2/5/2022,Feb,Q1,2022,Emily Phillips,Velo,Japan
Midmarket,CUST_ID_135,PROD_ID_003,High,  790.00 ,  120.00 ,  15.00 ,"  11,850.00 ",1185,"  10,665.00 ",  10.67 ,"  7,900.00 ","  2,765.00 ",  2.77 ,12/7/2021,Dec,Q4,2022,Logan Phillips,Velo,India
Government,CUST_ID_054,PROD_ID_003,High,  639.00 ,  120.00 ,  350.00 ,"  223,650.00 ",22365,"  201,285.00 ",  201.29 ,"  166,140.00 ","  35,145.00 ",  35.15 ,6/14/2021,Jun,Q2,2022,Harper Wilson,Velo,Italy
Enterprise,CUST_ID_015,PROD_ID_003,High,"  1,596.00 ",  120.00 ,  125.00 ,"  199,500.00 ",19950,"  179,550.00 ",  179.55 ,"  191,520.00 ","  -11,970.00 ",  -11.97 ,5/10/2022,May,Q2,2022,Samuel Taylor,Velo,India
Government,CUST_ID_028,PROD_ID_003,High,  241.00 ,  120.00 ,  20.00 ,"  4,820.00 ",482,"  4,338.00 ",  4.34 ,"  2,410.00 ","  1,928.00 ",  1.93 ,6/21/2022,Jun,Q2,2022,Sofia Phillips,Velo,France
Government,CUST_ID_028,PROD_ID_003,High,"  2,665.00 ",  120.00 ,  7.00 ,"  18,655.00 ",1865.5,"  16,789.50 ",  16.79 ,"  13,325.00 ","  3,464.50 ",  3.46 ,10/7/2022,Oct,Q4,2022,Sofia Phillips,Velo,France
Small Business,CUST_ID_061,PROD_ID_003,High,  853.00 ,  120.00 ,  300.00 ,"  255,900.00 ",25590,"  230,310.00 ",  230.31 ,"  213,250.00 ","  17,060.00 ",  17.06 ,1/17/2022,Jan,Q1,2022,Benjamin Martin,Velo,Germany
Enterprise,CUST_ID_125,PROD_ID_004,High,  341.00 ,  250.00 ,  125.00 ,"  42,625.00 ",4262.5,"  38,362.50 ",  38.36 ,"  40,920.00 ","  -2,557.50 ",  -2.56 ,1/30/2022,Jan,Q1,2022,Samuel Hill,VTT,Germany
Midmarket,CUST_ID_045,PROD_ID_004,High,  641.00 ,  250.00 ,  15.00 ,"  9,615.00 ",961.5,"  8,653.50 ",  8.65 ,"  6,410.00 ","  2,243.50 ",  2.24 ,8/30/2021,Aug,Q3,2022,Alexander Hill,VTT,Germany
Government,CUST_ID_033,PROD_ID_004,High,"  2,807.00 ",  250.00 ,  350.00 ,"  982,450.00 ",98245,"  884,205.00 ",  884.21 ,"  729,820.00 ","  154,385.00 ",  154.39 ,9/4/2021,Sep,Q3,2022,Logan Garcia,VTT,USA
Small Business,CUST_ID_017,PROD_ID_004,High,  432.00 ,  250.00 ,  300.00 ,"  129,600.00 ",12960,"  116,640.00 ",  116.64 ,"  108,000.00 ","  8,640.00 ",  8.64 ,1/20/2022,Jan,Q1,2022,Henry Anderson,VTT,USA
Enterprise,CUST_ID_105,PROD_ID_004,High,"  2,529.00 ",  250.00 ,  125.00 ,"  316,125.00 ",31612.5,"  284,512.50 ",  284.51 ,"  303,480.00 ","  -18,967.50 ",  -18.97 ,8/18/2021,Aug,Q3,2022,Jackson Turner,VTT,USA
Enterprise,CUST_ID_148,PROD_ID_006,High,  579.00 ,  260.00 ,  125.00 ,"  72,375.00 ",7237.5,"  65,137.50 ",  65.14 ,"  69,480.00 ","  -4,342.50 ",  -4.34 ,12/8/2022,Dec,Q4,2022,Charlotte Garcia,Amarilla,France
Government,CUST_ID_047,PROD_ID_006,High,"  2,240.00 ",  260.00 ,  350.00 ,"  784,000.00 ",78400,"  705,600.00 ",  705.60 ,"  582,400.00 ","  123,200.00 ",  123.20 ,11/13/2022,Nov,Q4,2022,Michael Wilson,Amarilla,India
Small Business,CUST_ID_144,PROD_ID_006,High,"  2,993.00 ",  260.00 ,  300.00 ,"  897,900.00 ",89790,"  808,110.00 ",  808.11 ,"  748,250.00 ","  59,860.00 ",  59.86 ,8/9/2022,Aug,Q3,2022,Emily Hill,Amarilla,Japan
Channel Partners,CUST_ID_095,PROD_ID_006,High,"  3,520.50 ",  260.00 ,  12.00 ,"  42,246.00 ",4224.6,"  38,021.40 ",  38.02 ,"  10,561.50 ","  27,459.90 ",  27.46 ,11/26/2021,Nov,Q4,2022,Aiden Garcia,Amarilla,India
Government,CUST_ID_093,PROD_ID_006,High,"  2,039.00 ",  260.00 ,  20.00 ,"  40,780.00 ",4078,"  36,702.00 ",  36.70 ,"  20,390.00 ","  16,312.00 ",  16.31 ,4/18/2021,Apr,Q2,2022,Jackson Hill,Amarilla,Germany
Channel Partners,CUST_ID_098,PROD_ID_006,High,"  2,574.00 ",  260.00 ,  12.00 ,"  30,888.00 ",3088.8,"  27,799.20 ",  27.80 ,"  7,722.00 ","  20,077.20 ",  20.08 ,5/2/2022,May,Q2,2022,Mia Turner,Amarilla,Canada
Government,CUST_ID_047,PROD_ID_006,High,  707.00 ,  260.00 ,  350.00 ,"  247,450.00 ",24745,"  222,705.00 ",  222.71 ,"  183,820.00 ","  38,885.00 ",  38.89 ,1/16/2022,Jan,Q1,2022,Michael Wilson,Amarilla,India
Midmarket,CUST_ID_019,PROD_ID_006,High,"  2,072.00 ",  260.00 ,  15.00 ,"  31,080.00 ",3108,"  27,972.00 ",  27.97 ,"  20,720.00 ","  7,252.00 ",  7.25 ,11/24/2021,Nov,Q4,2022,Jackson Martinez,Amarilla,England
Small Business,CUST_ID_149,PROD_ID_006,High,  853.00 ,  260.00 ,  300.00 ,"  255,900.00 ",25590,"  230,310.00 ",  230.31 ,"  213,250.00 ","  17,060.00 ",  17.06 ,12/11/2022,Dec,Q4,2022,Samuel Hill,Amarilla,Germany
Government,CUST_ID_052,PROD_ID_002,High,"  2,532.00 ",  10.00 ,  7.00 ,"  17,724.00 ",1949.64,"  15,774.36 ",  15.77 ,"  12,660.00 ","  3,114.36 ",  3.11 ,9/16/2022,Sep,Q3,2022,Charlotte Martin,Paseo,France
Midmarket,CUST_ID_140,PROD_ID_003,High,  384.00 ,  120.00 ,  15.00 ,"  5,760.00 ",633.6,"  5,126.40 ",  5.13 ,"  3,840.00 ","  1,286.40 ",  1.29 ,6/8/2021,Jun,Q2,2022,Amelia Phillips,Velo,France
Channel Partners,CUST_ID_114,PROD_ID_003,High,  472.00 ,  120.00 ,  12.00 ,"  5,664.00 ",623.04,"  5,040.96 ",  5.04 ,"  1,416.00 ","  3,624.96 ",  3.62 ,11/28/2021,Nov,Q4,2022,Harper Martin,Velo,Canada
Government,CUST_ID_033,PROD_ID_004,High,"  1,579.00 ",  250.00 ,  7.00 ,"  11,053.00 ",1215.83,"  9,837.17 ",  9.84 ,"  7,895.00 ","  1,942.17 ",  1.94 ,2/6/2022,Feb,Q1,2022,Logan Garcia,VTT,USA
Midmarket,CUST_ID_046,PROD_ID_006,High,"  3,199.50 ",  260.00 ,  15.00 ,"  47,992.50 ",5279.175,"  42,713.33 ",  42.71 ,"  31,995.00 ","  10,718.33 ",  10.72 ,4/15/2021,Apr,Q2,2022,Avery Anderson,Amarilla,Italy
Channel Partners,CUST_ID_098,PROD_ID_006,High,  472.00 ,  260.00 ,  12.00 ,"  5,664.00 ",623.04,"  5,040.96 ",  5.04 ,"  1,416.00 ","  3,624.96 ",  3.62 ,10/13/2021,Oct,Q4,2022,Mia Turner,Amarilla,Canada
Channel Partners,CUST_ID_036,PROD_ID_005,High,"  1,937.00 ",  3.00 ,  12.00 ,"  23,244.00 ",2556.84,"  20,687.16 ",  20.69 ,"  5,811.00 ","  14,876.16 ",  14.88 ,10/4/2021,Oct,Q4,2022,Harper Anderson,Carretera,France
Government,CUST_ID_048,PROD_ID_005,High,  792.00 ,  3.00 ,  350.00 ,"  277,200.00 ",30492,"  246,708.00 ",  246.71 ,"  205,920.00 ","  40,788.00 ",  40.79 ,5/23/2021,May,Q2,2022,Sofia Turner,Carretera,Japan
Small Business,CUST_ID_020,PROD_ID_005,High,"  2,811.00 ",  3.00 ,  300.00 ,"  843,300.00 ",92763,"  750,537.00 ",  750.54 ,"  702,750.00 ","  47,787.00 ",  47.79 ,8/31/2022,Aug,Q3,2022,Abigail Robinson,Carretera,France
Enterprise,CUST_ID_085,PROD_ID_005,High,"  2,441.00 ",  3.00 ,  125.00 ,"  305,125.00 ",33563.75,"  271,561.25 ",  271.56 ,"  292,920.00 ","  -21,358.75 ",  -21.36 ,4/5/2022,Apr,Q2,2022,Benjamin Garcia,Carretera,Germany
Government,CUST_ID_037,PROD_ID_001,High,  766.00 ,  5.00 ,  350.00 ,"  268,100.00 ",29491,"  238,609.00 ",  238.61 ,"  199,160.00 ","  39,449.00 ",  39.45 ,4/14/2022,Apr,Q2,2022,Henry Martinez,Montana,Germany
Midmarket,CUST_ID_112,PROD_ID_001,High,"  2,157.00 ",  5.00 ,  15.00 ,"  32,355.00 ",3559.05,"  28,795.95 ",  28.80 ,"  21,570.00 ","  7,225.95 ",  7.23 ,8/30/2022,Aug,Q3,2022,Charlotte Hill,Montana,Japan
Small Business,CUST_ID_070,PROD_ID_002,High,  873.00 ,  10.00 ,  300.00 ,"  261,900.00 ",28809,"  233,091.00 ",  233.09 ,"  218,250.00 ","  14,841.00 ",  14.84 ,12/31/2021,Dec,Q4,2022,Abigail Garcia,Paseo,Italy
Government,CUST_ID_040,PROD_ID_002,High,"  1,122.00 ",  10.00 ,  20.00 ,"  22,440.00 ",2468.4,"  19,971.60 ",  19.97 ,"  11,220.00 ","  8,751.60 ",  8.75 ,12/27/2021,Dec,Q4,2022,Abigail Lewis,Paseo,Japan
Government,CUST_ID_004,PROD_ID_002,High,"  2,104.50 ",  10.00 ,  350.00 ,"  736,575.00 ",81023.25,"  655,551.75 ",  655.55 ,"  547,170.00 ","  108,381.75 ",  108.38 ,12/3/2021,Dec,Q4,2022,Olivia Brown,Paseo,France
Channel Partners,CUST_ID_060,PROD_ID_002,High,"  4,026.00 ",  10.00 ,  12.00 ,"  48,312.00 ",5314.32,"  42,997.68 ",  43.00 ,"  12,078.00 ","  30,919.68 ",  30.92 ,4/20/2022,Apr,Q2,2022,Emily Garcia,Paseo,France
Channel Partners,CUST_ID_025,PROD_ID_002,High,"  2,425.50 ",  10.00 ,  12.00 ,"  29,106.00 ",3201.66,"  25,904.34 ",  25.90 ,"  7,276.50 ","  18,627.84 ",  18.63 ,12/1/2021,Dec,Q4,2022,Alexander Perez,Paseo,USA
Government,CUST_ID_004,PROD_ID_002,High,"  2,394.00 ",  10.00 ,  20.00 ,"  47,880.00 ",5266.8,"  42,613.20 ",  42.61 ,"  23,940.00 ","  18,673.20 ",  18.67 ,3/12/2021,Mar,Q1,2022,Olivia Brown,Paseo,France
Midmarket,CUST_ID_044,PROD_ID_002,High,"  1,984.00 ",  10.00 ,  15.00 ,"  29,760.00 ",3273.6,"  26,486.40 ",  26.49 ,"  19,840.00 ","  6,646.40 ",  6.65 ,11/24/2022,Nov,Q4,2022,Elizabeth Martin,Paseo,France
Enterprise,CUST_ID_051,PROD_ID_002,High,"  2,441.00 ",  10.00 ,  125.00 ,"  305,125.00 ",33563.75,"  271,561.25 ",  271.56 ,"  292,920.00 ","  -21,358.75 ",  -21.36 ,10/5/2021,Oct,Q4,2022,Logan Phillips,Paseo,England
Small Business,CUST_ID_070,PROD_ID_002,High,"  1,366.00 ",  10.00 ,  300.00 ,"  409,800.00 ",45078,"  364,722.00 ",  364.72 ,"  341,500.00 ","  23,222.00 ",  23.22 ,10/17/2021,Oct,Q4,2022,Abigail Garcia,Paseo,Italy
Government,CUST_ID_016,PROD_ID_003,High,"  1,808.00 ",  120.00 ,  7.00 ,"  12,656.00 ",1392.16,"  11,263.84 ",  11.26 ,"  9,040.00 ","  2,223.84 ",  2.22 ,4/8/2021,Apr,Q2,2022,Harper Davis,Velo,Japan
Channel Partners,CUST_ID_081,PROD_ID_004,High,"  1,734.00 ",  250.00 ,  12.00 ,"  20,808.00 ",2288.88,"  18,519.12 ",  18.52 ,"  5,202.00 ","  13,317.12 ",  13.32 ,10/3/2021,Oct,Q4,2022,Jackson Lewis,VTT,USA
Enterprise,CUST_ID_125,PROD_ID_004,High,  554.00 ,  250.00 ,  125.00 ,"  69,250.00 ",7617.5,"  61,632.50 ",  61.63 ,"  66,480.00 ","  -4,847.50 ",  -4.85 ,6/4/2021,Jun,Q2,2022,Samuel Hill,VTT,Germany
Enterprise,CUST_ID_073,PROD_ID_006,High,"  3,165.00 ",  260.00 ,  125.00 ,"  395,625.00 ",43518.75,"  352,106.25 ",  352.11 ,"  379,800.00 ","  -27,693.75 ",  -27.69 ,11/7/2021,Nov,Q4,2022,Benjamin Phillips,Amarilla,USA
Government,CUST_ID_093,PROD_ID_006,High,"  2,629.00 ",  260.00 ,  20.00 ,"  52,580.00 ",5783.8,"  46,796.20 ",  46.80 ,"  26,290.00 ","  20,506.20 ",  20.51 ,4/26/2022,Apr,Q2,2022,Jackson Hill,Amarilla,Germany
Enterprise,CUST_ID_138,PROD_ID_006,High,"  1,433.00 ",  260.00 ,  125.00 ,"  179,125.00 ",19703.75,"  159,421.25 ",  159.42 ,"  171,960.00 ","  -12,538.75 ",  -12.54 ,7/21/2021,Jul,Q3,2022,Harper Martin,Amarilla,Canada
Midmarket,CUST_ID_104,PROD_ID_006,High,"  2,157.00 ",  260.00 ,  15.00 ,"  32,355.00 ",3559.05,"  28,795.95 ",  28.80 ,"  21,570.00 ","  7,225.95 ",  7.23 ,10/27/2021,Oct,Q4,2022,Amelia Hill,Amarilla,Japan
Government,CUST_ID_066,PROD_ID_005,High,  886.00 ,  3.00 ,  350.00 ,"  310,100.00 ",37212,"  272,888.00 ",  272.89 ,"  230,360.00 ","  42,528.00 ",  42.53 ,12/7/2022,Dec,Q4,2022,Harper Turner,Carretera,Canada
Enterprise,CUST_ID_100,PROD_ID_005,High,"  2,156.00 ",  3.00 ,  125.00 ,"  269,500.00 ",32340,"  237,160.00 ",  237.16 ,"  258,720.00 ","  -21,560.00 ",  -21.56 ,10/18/2021,Oct,Q4,2022,Charlotte Garcia,Carretera,France
Midmarket,CUST_ID_090,PROD_ID_005,High,"  2,689.00 ",  3.00 ,  15.00 ,"  40,335.00 ",4840.2,"  35,494.80 ",  35.49 ,"  26,890.00 ","  8,604.80 ",  8.60 ,6/16/2021,Jun,Q2,2022,Harper Martin,Carretera,Canada
Midmarket,CUST_ID_113,PROD_ID_001,High,  677.00 ,  5.00 ,  15.00 ,"  10,155.00 ",1218.6,"  8,936.40 ",  8.94 ,"  6,770.00 ","  2,166.40 ",  2.17 ,11/2/2022,Nov,Q4,2022,Samuel Turner,Montana,USA
Small Business,CUST_ID_078,PROD_ID_001,High,"  1,773.00 ",  5.00 ,  300.00 ,"  531,900.00 ",63828,"  468,072.00 ",  468.07 ,"  443,250.00 ","  24,822.00 ",  24.82 ,12/3/2022,Dec,Q4,2022,Harper Hill,Montana,Italy
Government,CUST_ID_049,PROD_ID_001,High,"  2,420.00 ",  5.00 ,  7.00 ,"  16,940.00 ",2032.8,"  14,907.20 ",  14.91 ,"  12,100.00 ","  2,807.20 ",  2.81 ,12/2/2021,Dec,Q4,2022,Elijah Perez,Montana,USA
Government,CUST_ID_043,PROD_ID_001,High,"  2,734.00 ",  5.00 ,  7.00 ,"  19,138.00 ",2296.56,"  16,841.44 ",  16.84 ,"  13,670.00 ","  3,171.44 ",  3.17 ,5/7/2022,May,Q2,2022,Sebastian Phillips,Montana,England
Small Business,CUST_ID_116,PROD_ID_002,High,"  3,495.00 ",  10.00 ,  300.00 ,"  1,048,500.00 ",125820,"  922,680.00 ",  922.68 ,"  873,750.00 ","  48,930.00 ",  48.93 ,9/3/2022,Sep,Q3,2022,Amelia Phillips,Paseo,France
Government,CUST_ID_040,PROD_ID_002,High,  886.00 ,  10.00 ,  350.00 ,"  310,100.00 ",37212,"  272,888.00 ",  272.89 ,"  230,360.00 ","  42,528.00 ",  42.53 ,6/26/2021,Jun,Q2,2022,Abigail Lewis,Paseo,Japan
Enterprise,CUST_ID_024,PROD_ID_002,High,"  2,156.00 ",  10.00 ,  125.00 ,"  269,500.00 ",32340,"  237,160.00 ",  237.16 ,"  258,720.00 ","  -21,560.00 ",  -21.56 ,6/24/2021,Jun,Q2,2022,Elizabeth Green,Paseo,Japan
Government,CUST_ID_040,PROD_ID_002,High,  905.00 ,  10.00 ,  20.00 ,"  18,100.00 ",2172,"  15,928.00 ",  15.93 ,"  9,050.00 ","  6,878.00 ",  6.88 ,5/2/2022,May,Q2,2022,Abigail Lewis,Paseo,Japan
Government,CUST_ID_052,PROD_ID_002,High,"  1,594.00 ",  10.00 ,  350.00 ,"  557,900.00 ",66948,"  490,952.00 ",  490.95 ,"  414,440.00 ","  76,512.00 ",  76.51 ,7/12/2021,Jul,Q3,2022,Charlotte Martin,Paseo,France
Small Business,CUST_ID_069,PROD_ID_002,High,"  1,359.00 ",  10.00 ,  300.00 ,"  407,700.00 ",48924,"  358,776.00 ",  358.78 ,"  339,750.00 ","  19,026.00 ",  19.03 ,10/25/2021,Oct,Q4,2022,Jackson Hill,Paseo,Germany
Small Business,CUST_ID_003,PROD_ID_002,High,"  2,150.00 ",  10.00 ,  300.00 ,"  645,000.00 ",77400,"  567,600.00 ",  567.60 ,"  537,500.00 ","  30,100.00 ",  30.10 ,4/23/2022,Apr,Q2,2022,Noah Williams,Paseo,England
Government,CUST_ID_040,PROD_ID_002,High,"  1,197.00 ",  10.00 ,  350.00 ,"  418,950.00 ",50274,"  368,676.00 ",  368.68 ,"  311,220.00 ","  57,456.00 ",  57.46 ,3/27/2022,Mar,Q1,2022,Abigail Lewis,Paseo,Japan
Government,CUST_ID_040,PROD_ID_002,High,"  1,233.00 ",  10.00 ,  20.00 ,"  24,660.00 ",2959.2,"  21,700.80 ",  21.70 ,"  12,330.00 ","  9,370.80 ",  9.37 ,7/22/2022,Jul,Q3,2022,Abigail Lewis,Paseo,Japan
Government,CUST_ID_031,PROD_ID_003,High,"  1,395.00 ",  120.00 ,  350.00 ,"  488,250.00 ",58590,"  429,660.00 ",  429.66 ,"  362,700.00 ","  66,960.00 ",  66.96 ,2/6/2022,Feb,Q1,2022,Benjamin Lee,Velo,India
Government,CUST_ID_041,PROD_ID_003,High,  986.00 ,  120.00 ,  350.00 ,"  345,100.00 ",41412,"  303,688.00 ",  303.69 ,"  256,360.00 ","  47,328.00 ",  47.33 ,12/19/2022,Dec,Q4,2022,Aiden Clark,Velo,USA
Government,CUST_ID_031,PROD_ID_003,High,  905.00 ,  120.00 ,  20.00 ,"  18,100.00 ",2172,"  15,928.00 ",  15.93 ,"  9,050.00 ","  6,878.00 ",  6.88 ,10/26/2022,Oct,Q4,2022,Benjamin Lee,Velo,India
Channel Partners,CUST_ID_142,PROD_ID_004,High,"  2,109.00 ",  250.00 ,  12.00 ,"  25,308.00 ",3036.96,"  22,271.04 ",  22.27 ,"  6,327.00 ","  15,944.04 ",  15.94 ,1/4/2022,Jan,Q1,2022,Abigail Martin,VTT,Italy
Midmarket,CUST_ID_087,PROD_ID_004,High,"  3,874.50 ",  250.00 ,  15.00 ,"  58,117.50 ",6974.1,"  51,143.40 ",  51.14 ,"  38,745.00 ","  12,398.40 ",  12.40 ,12/22/2021,Dec,Q4,2022,Logan Phillips,VTT,India
Government,CUST_ID_033,PROD_ID_004,High,  986.00 ,  250.00 ,  350.00 ,"  345,100.00 ",41412,"  303,688.00 ",  303.69 ,"  256,360.00 ","  47,328.00 ",  47.33 ,1/7/2022,Jan,Q1,2022,Logan Garcia,VTT,USA
Enterprise,CUST_ID_117,PROD_ID_004,High,"  2,387.00 ",  250.00 ,  125.00 ,"  298,375.00 ",35805,"  262,570.00 ",  262.57 ,"  286,440.00 ","  -23,870.00 ",  -23.87 ,12/22/2022,Dec,Q4,2022,Jackson Hill,VTT,Germany
Government,CUST_ID_034,PROD_ID_004,High,"  1,233.00 ",  250.00 ,  20.00 ,"  24,660.00 ",2959.2,"  21,700.80 ",  21.70 ,"  12,330.00 ","  9,370.80 ",  9.37 ,4/17/2021,Apr,Q2,2022,Charlotte Davis,VTT,Canada
Government,CUST_ID_064,PROD_ID_006,High,  270.00 ,  260.00 ,  350.00 ,"  94,500.00 ",11340,"  83,160.00 ",  83.16 ,"  70,200.00 ","  12,960.00 ",  12.96 ,1/27/2021,Jan,Q1,2022,Charlotte Anderson,Amarilla,Japan
Government,CUST_ID_065,PROD_ID_006,High,"  3,421.50 ",  260.00 ,  7.00 ,"  23,950.50 ",2874.06,"  21,076.44 ",  21.08 ,"  17,107.50 ","  3,968.94 ",  3.97 ,1/13/2022,Jan,Q1,2022,Samuel Wilson,Amarilla,USA
Government,CUST_ID_047,PROD_ID_006,High,"  2,734.00 ",  260.00 ,  7.00 ,"  19,138.00 ",2296.56,"  16,841.44 ",  16.84 ,"  13,670.00 ","  3,171.44 ",  3.17 ,4/13/2022,Apr,Q2,2022,Michael Wilson,Amarilla,India
Government,CUST_ID_021,PROD_ID_005,High,"  2,521.50 ",  3.00 ,  20.00 ,"  50,430.00 ",6051.6,"  44,378.40 ",  44.38 ,"  25,215.00 ","  19,163.40 ",  19.16 ,8/11/2022,Aug,Q3,2022,Aiden Lewis,Carretera,Germany
Channel Partners,CUST_ID_120,PROD_ID_001,High,"  2,661.00 ",  5.00 ,  12.00 ,"  31,932.00 ",3831.84,"  28,100.16 ",  28.10 ,"  7,983.00 ","  20,117.16 ",  20.12 ,7/12/2021,Jul,Q3,2022,Emily Hill,Montana,Japan
Government,CUST_ID_072,PROD_ID_002,High,"  1,531.00 ",  10.00 ,  20.00 ,"  30,620.00 ",3674.4,"  26,945.60 ",  26.95 ,"  15,310.00 ","  11,635.60 ",  11.64 ,5/19/2021,May,Q2,2022,Emily Hill,Paseo,Japan
Government,CUST_ID_008,PROD_ID_004,High,"  1,491.00 ",  250.00 ,  7.00 ,"  10,437.00 ",1252.44,"  9,184.56 ",  9.18 ,"  7,455.00 ","  1,729.56 ",  1.73 ,3/23/2021,Mar,Q1,2022,Isabella Wilson,VTT,Japan
Government,CUST_ID_056,PROD_ID_004,High,"  1,531.00 ",  250.00 ,  20.00 ,"  30,620.00 ",3674.4,"  26,945.60 ",  26.95 ,"  15,310.00 ","  11,635.60 ",  11.64 ,9/16/2021,Sep,Q3,2022,Amelia Perez,VTT,Japan
Midmarket,CUST_ID_136,PROD_ID_005,High,"  2,567.00 ",  3.00 ,  15.00 ,"  38,505.00 ",5005.65,"  33,499.35 ",  33.50 ,"  25,670.00 ","  7,829.35 ",  7.83 ,12/4/2021,Dec,Q4,2022,Charlotte Hill,Carretera,Japan
Midmarket,CUST_ID_139,PROD_ID_004,High,"  2,567.00 ",  250.00 ,  15.00 ,"  38,505.00 ",5005.65,"  33,499.35 ",  33.50 ,"  25,670.00 ","  7,829.35 ",  7.83 ,6/21/2021,Jun,Q2,2022,Henry Garcia,VTT,England
Government,CUST_ID_042,PROD_ID_005,High,  923.00 ,  3.00 ,  350.00 ,"  323,050.00 ",41996.5,"  281,053.50 ",  281.05 ,"  239,980.00 ","  41,073.50 ",  41.07 ,4/8/2022,Apr,Q2,2022,Emily Garcia,Carretera,Canada
Government,CUST_ID_021,PROD_ID_005,High,"  1,790.00 ",  3.00 ,  350.00 ,"  626,500.00 ",81445,"  545,055.00 ",  545.06 ,"  465,400.00 ","  79,655.00 ",  79.66 ,7/27/2021,Jul,Q3,2022,Aiden Lewis,Carretera,Germany
Government,CUST_ID_099,PROD_ID_001,High,  982.50 ,  5.00 ,  350.00 ,"  343,875.00 ",44703.75,"  299,171.25 ",  299.17 ,"  255,450.00 ","  43,721.25 ",  43.72 ,11/24/2022,Nov,Q4,2022,Logan Martin,Montana,England
Government,CUST_ID_099,PROD_ID_001,High,"  1,298.00 ",  5.00 ,  7.00 ,"  9,086.00 ",1181.18,"  7,904.82 ",  7.90 ,"  6,490.00 ","  1,414.82 ",  1.41 ,5/21/2022,May,Q2,2022,Logan Martin,Montana,England
Channel Partners,CUST_ID_120,PROD_ID_001,High,  604.00 ,  5.00 ,  12.00 ,"  7,248.00 ",942.24,"  6,305.76 ",  6.31 ,"  1,812.00 ","  4,493.76 ",  4.49 ,7/10/2021,Jul,Q3,2022,Emily Hill,Montana,Japan
Government,CUST_ID_049,PROD_ID_001,High,"  2,255.00 ",  5.00 ,  20.00 ,"  45,100.00 ",5863,"  39,237.00 ",  39.24 ,"  22,550.00 ","  16,687.00 ",  16.69 ,3/21/2022,Mar,Q1,2022,Elijah Perez,Montana,USA
Government,CUST_ID_043,PROD_ID_001,High,"  1,249.00 ",  5.00 ,  20.00 ,"  24,980.00 ",3247.4,"  21,732.60 ",  21.73 ,"  12,490.00 ","  9,242.60 ",  9.24 ,4/16/2021,Apr,Q2,2022,Sebastian Phillips,Montana,England
Government,CUST_ID_027,PROD_ID_002,High,"  1,438.50 ",  10.00 ,  7.00 ,"  10,069.50 ",1309.035,"  8,760.47 ",  8.76 ,"  7,192.50 ","  1,567.97 ",  1.57 ,9/27/2021,Sep,Q3,2022,Michael Hill,Paseo,England
Small Business,CUST_ID_069,PROD_ID_002,High,  807.00 ,  10.00 ,  300.00 ,"  242,100.00 ",31473,"  210,627.00 ",  210.63 ,"  201,750.00 ","  8,877.00 ",  8.88 ,6/23/2022,Jun,Q2,2022,Jackson Hill,Paseo,Germany
Government,CUST_ID_027,PROD_ID_002,High,"  2,641.00 ",  10.00 ,  20.00 ,"  52,820.00 ",6866.6,"  45,953.40 ",  45.95 ,"  26,410.00 ","  19,543.40 ",  19.54 ,1/22/2022,Jan,Q1,2022,Michael Hill,Paseo,England
Government,CUST_ID_072,PROD_ID_002,High,"  2,708.00 ",  10.00 ,  20.00 ,"  54,160.00 ",7040.8,"  47,119.20 ",  47.12 ,"  27,080.00 ","  20,039.20 ",  20.04 ,10/27/2022,Oct,Q4,2022,Emily Hill,Paseo,Japan
Government,CUST_ID_004,PROD_ID_002,High,"  2,632.00 ",  10.00 ,  350.00 ,"  921,200.00 ",119756,"  801,444.00 ",  801.44 ,"  684,320.00 ","  117,124.00 ",  117.12 ,11/21/2021,Nov,Q4,2022,Olivia Brown,Paseo,France
Enterprise,CUST_ID_122,PROD_ID_002,High,"  1,583.00 ",  10.00 ,  125.00 ,"  197,875.00 ",25723.75,"  172,151.25 ",  172.15 ,"  189,960.00 ","  -17,808.75 ",  -17.81 ,10/24/2022,Oct,Q4,2022,Mia Turner,Paseo,Canada
Channel Partners,CUST_ID_071,PROD_ID_002,High,  571.00 ,  10.00 ,  12.00 ,"  6,852.00 ",890.76,"  5,961.24 ",  5.96 ,"  1,713.00 ","  4,248.24 ",  4.25 ,8/30/2021,Aug,Q3,2022,Aiden Perez,Paseo,India
Government,CUST_ID_052,PROD_ID_002,High,"  2,696.00 ",  10.00 ,  7.00 ,"  18,872.00 ",2453.36,"  16,418.64 ",  16.42 ,"  13,480.00 ","  2,938.64 ",  2.94 ,11/18/2022,Nov,Q4,2022,Charlotte Martin,Paseo,France
Midmarket,CUST_ID_006,PROD_ID_002,High,"  1,565.00 ",  10.00 ,  15.00 ,"  23,475.00 ",3051.75,"  20,423.25 ",  20.42 ,"  15,650.00 ","  4,773.25 ",  4.77 ,1/29/2022,Jan,Q1,2022,Ava Davis,Paseo,Italy
Government,CUST_ID_004,PROD_ID_002,High,"  1,249.00 ",  10.00 ,  20.00 ,"  24,980.00 ",3247.4,"  21,732.60 ",  21.73 ,"  12,490.00 ","  9,242.60 ",  9.24 ,12/27/2021,Dec,Q4,2022,Olivia Brown,Paseo,France
Government,CUST_ID_072,PROD_ID_002,High,  357.00 ,  10.00 ,  350.00 ,"  124,950.00 ",16243.5,"  108,706.50 ",  108.71 ,"  92,820.00 ","  15,886.50 ",  15.89 ,1/4/2021,Jan,Q1,2022,Emily Hill,Paseo,Japan
Channel Partners,CUST_ID_014,PROD_ID_002,High,"  1,013.00 ",  10.00 ,  12.00 ,"  12,156.00 ",1580.28,"  10,575.72 ",  10.58 ,"  3,039.00 ","  7,536.72 ",  7.54 ,11/18/2022,Nov,Q4,2022,Charlotte White,Paseo,Italy
Midmarket,CUST_ID_150,PROD_ID_003,High,"  3,997.50 ",  120.00 ,  15.00 ,"  59,962.50 ",7795.125,"  52,167.38 ",  52.17 ,"  39,975.00 ","  12,192.38 ",  12.19 ,12/22/2021,Dec,Q4,2022,Harper Phillips,Velo,Italy
Government,CUST_ID_016,PROD_ID_003,High,"  2,632.00 ",  120.00 ,  350.00 ,"  921,200.00 ",119756,"  801,444.00 ",  801.44 ,"  684,320.00 ","  117,124.00 ",  117.12 ,3/5/2022,Mar,Q1,2022,Harper Davis,Velo,Japan
Government,CUST_ID_054,PROD_ID_003,High,"  1,190.00 ",  120.00 ,  7.00 ,"  8,330.00 ",1082.9,"  7,247.10 ",  7.25 ,"  5,950.00 ","  1,297.10 ",  1.30 ,5/7/2021,May,Q2,2022,Harper Wilson,Velo,Italy
Channel Partners,CUST_ID_124,PROD_ID_003,High,  604.00 ,  120.00 ,  12.00 ,"  7,248.00 ",942.24,"  6,305.76 ",  6.31 ,"  1,812.00 ","  4,493.76 ",  4.49 ,9/10/2021,Sep,Q3,2022,Charlotte Garcia,Velo,France
Channel Partners,CUST_ID_124,PROD_ID_003,High,  410.00 ,  120.00 ,  12.00 ,"  4,920.00 ",639.6,"  4,280.40 ",  4.28 ,"  1,230.00 ","  3,050.40 ",  3.05 ,2/14/2022,Feb,Q1,2022,Charlotte Garcia,Velo,France
Channel Partners,CUST_ID_114,PROD_ID_003,High,"  1,013.00 ",  120.00 ,  12.00 ,"  12,156.00 ",1580.28,"  10,575.72 ",  10.58 ,"  3,039.00 ","  7,536.72 ",  7.54 ,8/17/2022,Aug,Q3,2022,Harper Martin,Velo,Canada
Enterprise,CUST_ID_105,PROD_ID_004,High,"  1,583.00 ",  250.00 ,  125.00 ,"  197,875.00 ",25723.75,"  172,151.25 ",  172.15 ,"  189,960.00 ","  -17,808.75 ",  -17.81 ,9/14/2021,Sep,Q3,2022,Jackson Turner,VTT,USA
Midmarket,CUST_ID_137,PROD_ID_004,High,"  1,565.00 ",  250.00 ,  15.00 ,"  23,475.00 ",3051.75,"  20,423.25 ",  20.42 ,"  15,650.00 ","  4,773.25 ",  4.77 ,6/21/2022,Jun,Q2,2022,Samuel Turner,VTT,USA
Enterprise,CUST_ID_143,PROD_ID_006,High,"  1,659.00 ",  260.00 ,  125.00 ,"  207,375.00 ",26958.75,"  180,416.25 ",  180.42 ,"  199,080.00 ","  -18,663.75 ",  -18.66 ,8/22/2021,Aug,Q3,2022,Aiden Garcia,Amarilla,India
Government,CUST_ID_065,PROD_ID_006,High,"  1,190.00 ",  260.00 ,  7.00 ,"  8,330.00 ",1082.9,"  7,247.10 ",  7.25 ,"  5,950.00 ","  1,297.10 ",  1.30 ,2/17/2022,Feb,Q1,2022,Samuel Wilson,Amarilla,USA
Channel Partners,CUST_ID_076,PROD_ID_006,High,  410.00 ,  260.00 ,  12.00 ,"  4,920.00 ",639.6,"  4,280.40 ",  4.28 ,"  1,230.00 ","  3,050.40 ",  3.05 ,1/22/2022,Jan,Q1,2022,Charlotte Garcia,Amarilla,France
Government,CUST_ID_066,PROD_ID_005,High,"  2,579.00 ",  3.00 ,  20.00 ,"  51,580.00 ",7221.2,"  44,358.80 ",  44.36 ,"  25,790.00 ","  18,568.80 ",  18.57 ,3/3/2021,Mar,Q1,2022,Harper Turner,Carretera,Canada
Government,CUST_ID_057,PROD_ID_005,High,"  1,743.00 ",  3.00 ,  20.00 ,"  34,860.00 ",4880.4,"  29,979.60 ",  29.98 ,"  17,430.00 ","  12,549.60 ",  12.55 ,9/21/2022,Sep,Q3,2022,Jackson Hill,Carretera,USA
Government,CUST_ID_048,PROD_ID_005,High,  280.00 ,  3.00 ,  7.00 ,"  1,960.00 ",274.4,"  1,685.60 ",  1.69 ,"  1,400.00 ",  285.60 ,  0.29 ,11/7/2021,Nov,Q4,2022,Sofia Turner,Carretera,Japan
Government,CUST_ID_059,PROD_ID_001,High,  293.00 ,  5.00 ,  7.00 ,"  2,051.00 ",287.14,"  1,763.86 ",  1.76 ,"  1,465.00 ",  298.86 ,  0.30 ,5/3/2021,May,Q2,2022,Aiden Martin,Montana,England
Midmarket,CUST_ID_038,PROD_ID_002,High,  278.00 ,  10.00 ,  15.00 ,"  4,170.00 ",583.8,"  3,586.20 ",  3.59 ,"  2,780.00 ",  806.20 ,  0.81 ,9/23/2021,Sep,Q3,2022,Amelia Wilson,Paseo,Italy
Government,CUST_ID_004,PROD_ID_002,High,"  2,428.00 ",  10.00 ,  20.00 ,"  48,560.00 ",6798.4,"  41,761.60 ",  41.76 ,"  24,280.00 ","  17,481.60 ",  17.48 ,11/29/2021,Nov,Q4,2022,Olivia Brown,Paseo,France
Midmarket,CUST_ID_026,PROD_ID_002,High,"  1,767.00 ",  10.00 ,  15.00 ,"  26,505.00 ",3710.7,"  22,794.30 ",  22.79 ,"  17,670.00 ","  5,124.30 ",  5.12 ,2/20/2022,Feb,Q1,2022,Avery Turner,Paseo,Canada
Channel Partners,CUST_ID_025,PROD_ID_002,High,"  1,393.00 ",  10.00 ,  12.00 ,"  16,716.00 ",2340.24,"  14,375.76 ",  14.38 ,"  4,179.00 ","  10,196.76 ",  10.20 ,11/24/2021,Nov,Q4,2022,Alexander Perez,Paseo,USA
Government,CUST_ID_056,PROD_ID_004,High,  280.00 ,  250.00 ,  7.00 ,"  1,960.00 ",274.4,"  1,685.60 ",  1.69 ,"  1,400.00 ",  285.60 ,  0.29 ,10/24/2021,Oct,Q4,2022,Amelia Perez,VTT,Japan
Channel Partners,CUST_ID_083,PROD_ID_006,High,"  1,393.00 ",  260.00 ,  12.00 ,"  16,716.00 ",2340.24,"  14,375.76 ",  14.38 ,"  4,179.00 ","  10,196.76 ",  10.20 ,11/30/2022,Nov,Q4,2022,Aiden Anderson,Amarilla,England
Small Business,CUST_ID_011,PROD_ID_005,High,  801.00 ,  3.00 ,  300.00 ,"  240,300.00 ",33642,"  206,658.00 ",  206.66 ,"  200,250.00 ","  6,408.00 ",  6.41 ,2/10/2021,Feb,Q1,2022,Benjamin Martinez,Carretera,England
Small Business,CUST_ID_146,PROD_ID_005,High,"  1,496.00 ",  3.00 ,  300.00 ,"  448,800.00 ",62832,"  385,968.00 ",  385.97 ,"  374,000.00 ","  11,968.00 ",  11.97 ,2/26/2021,Feb,Q1,2022,Mia Turner,Carretera,Canada
Small Business,CUST_ID_134,PROD_ID_005,High,"  1,010.00 ",  3.00 ,  300.00 ,"  303,000.00 ",42420,"  260,580.00 ",  260.58 ,"  252,500.00 ","  8,080.00 ",  8.08 ,4/25/2022,Apr,Q2,2022,Mia Hill,Carretera,Italy
Midmarket,CUST_ID_107,PROD_ID_005,High,"  1,513.00 ",  3.00 ,  15.00 ,"  22,695.00 ",3177.3,"  19,517.70 ",  19.52 ,"  15,130.00 ","  4,387.70 ",  4.39 ,2/24/2021,Feb,Q1,2022,Aiden Hill,Carretera,England
Midmarket,CUST_ID_090,PROD_ID_005,High,"  2,300.00 ",  3.00 ,  15.00 ,"  34,500.00 ",4830,"  29,670.00 ",  29.67 ,"  23,000.00 ","  6,670.00 ",  6.67 ,6/3/2022,Jun,Q2,2022,Harper Martin,Carretera,Canada
Government,CUST_ID_043,PROD_ID_001,High,"  2,227.50 ",  5.00 ,  350.00 ,"  779,625.00 ",109147.5,"  670,477.50 ",  670.48 ,"  579,150.00 ","  91,327.50 ",  91.33 ,5/13/2021,May,Q2,2022,Sebastian Phillips,Montana,England
Government,CUST_ID_037,PROD_ID_001,High,"  1,199.00 ",  5.00 ,  350.00 ,"  419,650.00 ",58751,"  360,899.00 ",  360.90 ,"  311,740.00 ","  49,159.00 ",  49.16 ,7/1/2021,Jul,Q3,2022,Henry Martinez,Montana,Germany
Government,CUST_ID_043,PROD_ID_001,High,  200.00 ,  5.00 ,  350.00 ,"  70,000.00 ",9800,"  60,200.00 ",  60.20 ,"  52,000.00 ","  8,200.00 ",  8.20 ,8/17/2022,Aug,Q3,2022,Sebastian Phillips,Montana,England
Government,CUST_ID_043,PROD_ID_001,High,  388.00 ,  5.00 ,  7.00 ,"  2,716.00 ",380.24,"  2,335.76 ",  2.34 ,"  1,940.00 ",  395.76 ,  0.40 ,10/8/2022,Oct,Q4,2022,Sebastian Phillips,Montana,England
Midmarket,CUST_ID_131,PROD_ID_001,High,"  2,300.00 ",  5.00 ,  15.00 ,"  34,500.00 ",4830,"  29,670.00 ",  29.67 ,"  23,000.00 ","  6,670.00 ",  6.67 ,2/4/2022,Feb,Q1,2022,Aiden Hill,Montana,England
Government,CUST_ID_040,PROD_ID_002,High,  260.00 ,  10.00 ,  20.00 ,"  5,200.00 ",728,"  4,472.00 ",  4.47 ,"  2,600.00 ","  1,872.00 ",  1.87 ,9/23/2021,Sep,Q3,2022,Abigail Lewis,Paseo,Japan
Channel Partners,CUST_ID_005,PROD_ID_002,High,"  2,914.00 ",  10.00 ,  12.00 ,"  34,968.00 ",4895.52,"  30,072.48 ",  30.07 ,"  8,742.00 ","  21,330.48 ",  21.33 ,11/26/2022,Nov,Q4,2022,Liam Jones,Paseo,Germany
Government,CUST_ID_052,PROD_ID_002,High,"  1,731.00 ",  10.00 ,  7.00 ,"  12,117.00 ",1696.38,"  10,420.62 ",  10.42 ,"  8,655.00 ","  1,765.62 ",  1.77 ,12/17/2021,Dec,Q4,2022,Charlotte Martin,Paseo,France
Government,CUST_ID_004,PROD_ID_002,High,  700.00 ,  10.00 ,  350.00 ,"  245,000.00 ",34300,"  210,700.00 ",  210.70 ,"  182,000.00 ","  28,700.00 ",  28.70 ,7/10/2021,Jul,Q3,2022,Olivia Brown,Paseo,France
Government,CUST_ID_027,PROD_ID_002,High,"  1,177.00 ",  10.00 ,  350.00 ,"  411,950.00 ",57673,"  354,277.00 ",  354.28 ,"  306,020.00 ","  48,257.00 ",  48.26 ,12/13/2021,Dec,Q4,2022,Michael Hill,Paseo,England
Enterprise,CUST_ID_030,PROD_ID_003,High,"  1,575.00 ",  120.00 ,  125.00 ,"  196,875.00 ",27562.5,"  169,312.50 ",  169.31 ,"  189,000.00 ","  -19,687.50 ",  -19.69 ,10/8/2022,Oct,Q4,2022,Sophia Turner,Velo,Italy
Government,CUST_ID_041,PROD_ID_003,High,  606.00 ,  120.00 ,  20.00 ,"  12,120.00 ",1696.8,"  10,423.20 ",  10.42 ,"  6,060.00 ","  4,363.20 ",  4.36 ,9/14/2022,Sep,Q3,2022,Aiden Clark,Velo,USA
Small Business,CUST_ID_086,PROD_ID_003,High,"  2,460.00 ",  120.00 ,  300.00 ,"  738,000.00 ",103320,"  634,680.00 ",  634.68 ,"  615,000.00 ","  19,680.00 ",  19.68 ,1/20/2021,Jan,Q1,2022,Mia Hill,Velo,Italy
Government,CUST_ID_034,PROD_ID_004,High,"  2,903.00 ",  250.00 ,  7.00 ,"  20,321.00 ",2844.94,"  17,476.06 ",  17.48 ,"  14,515.00 ","  2,961.06 ",  2.96 ,2/7/2022,Feb,Q1,2022,Charlotte Davis,VTT,Canada
Small Business,CUST_ID_075,PROD_ID_004,High,"  2,541.00 ",  250.00 ,  300.00 ,"  762,300.00 ",106722,"  655,578.00 ",  655.58 ,"  635,250.00 ","  20,328.00 ",  20.33 ,7/9/2021,Jul,Q3,2022,Logan Martin,VTT,England
Small Business,CUST_ID_063,PROD_ID_004,High,"  1,496.00 ",  250.00 ,  300.00 ,"  448,800.00 ",62832,"  385,968.00 ",  385.97 ,"  374,000.00 ","  11,968.00 ",  11.97 ,8/25/2022,Aug,Q3,2022,Logan Clark,VTT,India
Small Business,CUST_ID_075,PROD_ID_004,High,"  1,010.00 ",  250.00 ,  300.00 ,"  303,000.00 ",42420,"  260,580.00 ",  260.58 ,"  252,500.00 ","  8,080.00 ",  8.08 ,5/16/2022,May,Q2,2022,Logan Martin,VTT,England
Small Business,CUST_ID_128,PROD_ID_006,High,  888.00 ,  260.00 ,  300.00 ,"  266,400.00 ",37296,"  229,104.00 ",  229.10 ,"  222,000.00 ","  7,104.00 ",  7.10 ,11/6/2021,Nov,Q4,2022,Amelia Hill,Amarilla,Japan
Enterprise,CUST_ID_148,PROD_ID_006,High,"  2,844.00 ",  260.00 ,  125.00 ,"  355,500.00 ",49770,"  305,730.00 ",  305.73 ,"  341,280.00 ","  -35,550.00 ",  -35.55 ,9/19/2021,Sep,Q3,2022,Charlotte Garcia,Amarilla,France
Channel Partners,CUST_ID_083,PROD_ID_006,High,"  2,475.00 ",  260.00 ,  12.00 ,"  29,700.00 ",4158,"  25,542.00 ",  25.54 ,"  7,425.00 ","  18,117.00 ",  18.12 ,6/10/2021,Jun,Q2,2022,Aiden Anderson,Amarilla,England
Channel Partners,CUST_ID_018,PROD_ID_006,High,"  2,914.00 ",  260.00 ,  12.00 ,"  34,968.00 ",4895.52,"  30,072.48 ",  30.07 ,"  8,742.00 ","  21,330.48 ",  21.33 ,6/16/2022,Jun,Q2,2022,Amelia Garcia,Amarilla,Canada
Government,CUST_ID_065,PROD_ID_006,High,"  1,731.00 ",  260.00 ,  7.00 ,"  12,117.00 ",1696.38,"  10,420.62 ",  10.42 ,"  8,655.00 ","  1,765.62 ",  1.77 ,4/18/2021,Apr,Q2,2022,Samuel Wilson,Amarilla,USA
Enterprise,CUST_ID_085,PROD_ID_005,High,"  1,174.00 ",  3.00 ,  125.00 ,"  146,750.00 ",22012.5,"  124,737.50 ",  124.74 ,"  140,880.00 ","  -16,142.50 ",  -16.14 ,6/2/2022,Jun,Q2,2022,Benjamin Garcia,Carretera,Germany
Enterprise,CUST_ID_058,PROD_ID_005,High,"  2,767.00 ",  3.00 ,  125.00 ,"  345,875.00 ",51881.25,"  293,993.75 ",  293.99 ,"  332,040.00 ","  -38,046.25 ",  -38.05 ,12/31/2022,Dec,Q4,2022,Abigail Phillips,Carretera,Canada
Enterprise,CUST_ID_058,PROD_ID_005,High,"  1,085.00 ",  3.00 ,  125.00 ,"  135,625.00 ",20343.75,"  115,281.25 ",  115.28 ,"  130,200.00 ","  -14,918.75 ",  -14.92 ,6/18/2022,Jun,Q2,2022,Abigail Phillips,Carretera,Canada
Small Business,CUST_ID_050,PROD_ID_001,High,  546.00 ,  5.00 ,  300.00 ,"  163,800.00 ",24570,"  139,230.00 ",  139.23 ,"  136,500.00 ","  2,730.00 ",  2.73 ,1/14/2022,Jan,Q1,2022,Mia Hill,Montana,Canada
Government,CUST_ID_072,PROD_ID_002,High,"  1,158.00 ",  10.00 ,  20.00 ,"  23,160.00 ",3474,"  19,686.00 ",  19.69 ,"  11,580.00 ","  8,106.00 ",  8.11 ,5/18/2022,May,Q2,2022,Emily Hill,Paseo,Japan
Midmarket,CUST_ID_006,PROD_ID_002,High,"  1,614.00 ",  10.00 ,  15.00 ,"  24,210.00 ",3631.5,"  20,578.50 ",  20.58 ,"  16,140.00 ","  4,438.50 ",  4.44 ,10/10/2022,Oct,Q4,2022,Ava Davis,Paseo,Italy
Government,CUST_ID_040,PROD_ID_002,High,"  2,535.00 ",  10.00 ,  7.00 ,"  17,745.00 ",2661.75,"  15,083.25 ",  15.08 ,"  12,675.00 ","  2,408.25 ",  2.41 ,3/21/2022,Mar,Q1,2022,Abigail Lewis,Paseo,Japan
Government,CUST_ID_040,PROD_ID_002,High,"  2,851.00 ",  10.00 ,  350.00 ,"  997,850.00 ",149677.5,"  848,172.50 ",  848.17 ,"  741,260.00 ","  106,912.50 ",  106.91 ,3/13/2021,Mar,Q1,2022,Abigail Lewis,Paseo,Japan
Midmarket,CUST_ID_006,PROD_ID_002,High,"  2,559.00 ",  10.00 ,  15.00 ,"  38,385.00 ",5757.75,"  32,627.25 ",  32.63 ,"  25,590.00 ","  7,037.25 ",  7.04 ,10/6/2022,Oct,Q4,2022,Ava Davis,Paseo,Italy
Enterprise,CUST_ID_023,PROD_ID_002,High,"  1,085.00 ",  10.00 ,  125.00 ,"  135,625.00 ",20343.75,"  115,281.25 ",  115.28 ,"  130,200.00 ","  -14,918.75 ",  -14.92 ,12/30/2021,Dec,Q4,2022,Sebastian Lee,Paseo,India
Midmarket,CUST_ID_038,PROD_ID_002,High,"  1,175.00 ",  10.00 ,  15.00 ,"  17,625.00 ",2643.75,"  14,981.25 ",  14.98 ,"  11,750.00 ","  3,231.25 ",  3.23 ,7/16/2021,Jul,Q3,2022,Amelia Wilson,Paseo,Italy
Channel Partners,CUST_ID_005,PROD_ID_002,High,  914.00 ,  10.00 ,  12.00 ,"  10,968.00 ",1645.2,"  9,322.80 ",  9.32 ,"  2,742.00 ","  6,580.80 ",  6.58 ,11/16/2021,Nov,Q4,2022,Liam Jones,Paseo,Germany
Government,CUST_ID_052,PROD_ID_002,High,  293.00 ,  10.00 ,  20.00 ,"  5,860.00 ",879,"  4,981.00 ",  4.98 ,"  2,930.00 ","  2,051.00 ",  2.05 ,10/15/2021,Oct,Q4,2022,Charlotte Martin,Paseo,France
Channel Partners,CUST_ID_124,PROD_ID_003,High,  500.00 ,  120.00 ,  12.00 ,"  6,000.00 ",900,"  5,100.00 ",  5.10 ,"  1,500.00 ","  3,600.00 ",  3.60 ,2/7/2022,Feb,Q1,2022,Charlotte Garcia,Velo,France
Midmarket,CUST_ID_150,PROD_ID_003,High,"  2,826.00 ",  120.00 ,  15.00 ,"  42,390.00 ",6358.5,"  36,031.50 ",  36.03 ,"  28,260.00 ","  7,771.50 ",  7.77 ,11/13/2022,Nov,Q4,2022,Harper Phillips,Velo,Italy
Enterprise,CUST_ID_053,PROD_ID_003,High,  663.00 ,  120.00 ,  125.00 ,"  82,875.00 ",12431.25,"  70,443.75 ",  70.44 ,"  79,560.00 ","  -9,116.25 ",  -9.12 ,4/19/2021,Apr,Q2,2022,Samuel Hill,Velo,Germany
Channel Partners,CUST_ID_132,PROD_ID_003,High,  914.00 ,  120.00 ,  12.00 ,"  10,968.00 ",1645.2,"  9,322.80 ",  9.32 ,"  2,742.00 ","  6,580.80 ",  6.58 ,5/12/2022,May,Q2,2022,Emily Martin,Velo,France
Government,CUST_ID_055,PROD_ID_004,High,  865.50 ,  250.00 ,  20.00 ,"  17,310.00 ",2596.5,"  14,713.50 ",  14.71 ,"  8,655.00 ","  6,058.50 ",  6.06 ,6/24/2022,Jun,Q2,2022,Henry Turner,VTT,India
Midmarket,CUST_ID_039,PROD_ID_004,High,  492.00 ,  250.00 ,  15.00 ,"  7,380.00 ",1107,"  6,273.00 ",  6.27 ,"  4,920.00 ","  1,353.00 ",  1.35 ,10/15/2021,Oct,Q4,2022,Jackson Turner,VTT,India
Midmarket,CUST_ID_039,PROD_ID_004,High,"  1,175.00 ",  250.00 ,  15.00 ,"  17,625.00 ",2643.75,"  14,981.25 ",  14.98 ,"  11,750.00 ","  3,231.25 ",  3.23 ,4/9/2022,Apr,Q2,2022,Jackson Turner,VTT,India
Enterprise,CUST_ID_130,PROD_ID_004,High,  552.00 ,  250.00 ,  125.00 ,"  69,000.00 ",10350,"  58,650.00 ",  58.65 ,"  66,240.00 ","  -7,590.00 ",  -7.59 ,12/27/2022,Dec,Q4,2022,Abigail Phillips,VTT,Canada
Government,CUST_ID_008,PROD_ID_004,High,  293.00 ,  250.00 ,  20.00 ,"  5,860.00 ",879,"  4,981.00 ",  4.98 ,"  2,930.00 ","  2,051.00 ",  2.05 ,12/10/2021,Dec,Q4,2022,Isabella Wilson,VTT,Japan
Small Business,CUST_ID_149,PROD_ID_006,High,"  2,475.00 ",  260.00 ,  300.00 ,"  742,500.00 ",111375,"  631,125.00 ",  631.13 ,"  618,750.00 ","  12,375.00 ",  12.38 ,3/28/2021,Mar,Q1,2022,Samuel Hill,Amarilla,Germany
Small Business,CUST_ID_127,PROD_ID_006,High,  546.00 ,  260.00 ,  300.00 ,"  163,800.00 ",24570,"  139,230.00 ",  139.23 ,"  136,500.00 ","  2,730.00 ",  2.73 ,12/16/2021,Dec,Q4,2022,Henry Martin,Amarilla,India
Government,CUST_ID_049,PROD_ID_001,High,"  1,368.00 ",  5.00 ,  7.00 ,"  9,576.00 ",1436.4,"  8,139.60 ",  8.14 ,"  6,840.00 ","  1,299.60 ",  1.30 ,4/22/2022,Apr,Q2,2022,Elijah Perez,Montana,USA
Government,CUST_ID_004,PROD_ID_002,High,  723.00 ,  10.00 ,  7.00 ,"  5,061.00 ",759.15,"  4,301.85 ",  4.30 ,"  3,615.00 ",  686.85 ,  0.69 ,1/28/2022,Jan,Q1,2022,Olivia Brown,Paseo,France
Channel Partners,CUST_ID_147,PROD_ID_004,High,"  1,806.00 ",  250.00 ,  12.00 ,"  21,672.00 ",3250.8,"  18,421.20 ",  18.42 ,"  5,418.00 ","  13,003.20 ",  13.00 ,3/19/2021,Mar,Q1,2022,Logan Martin,VTT,England